
@article{CX-Plain,
  title={Cxplain: Causal explanations for model interpretation under uncertainty},
  author={Schwab, Patrick and Karlen, Walter},
  journal={Advances in Neural Information Processing Systems},
  volume={32},
  year={2019}
}

@article{Dai:survey,
  title={A comprehensive survey on trustworthy graph neural networks: Privacy, robustness, fairness, and explainability},
  author={Dai, Enyan and Zhao, Tianxiang and Zhu, Huaisheng and Xu, Junjie and Guo, Zhimeng and Liu, Hui and Tang, Jiliang and Wang, Suhang},
  journal={arXiv preprint arXiv:2204.08570},
  year={2022}
}

@article{CF_survey,
  title={Counterfactual explanations for machine learning: A review},
  author={Verma, Sahil and Dickerson, John and Hines, Keegan},
  journal={arXiv preprint arXiv:2010.10596},
  year={2020}
}

@inproceedings{mothilal2020explaining,
  title={Explaining machine learning classifiers through diverse counterfactual explanations},
  author={Mothilal, Ramaravind K and Sharma, Amit and Tan, Chenhao},
  booktitle={Proceedings of the 2020 conference on fairness, accountability, and transparency},
  pages={607--617},
  year={2020}
}
@inproceedings{pope2019explainability,
  title={Explainability methods for graph convolutional neural networks},
  author={Pope, Phillip E and Kolouri, Soheil and Rostami, Mohammad and Martin, Charles E and Hoffmann, Heiko},
  booktitle={Proceedings of the IEEE/CVF conference on computer vision and pattern recognition},
  pages={10772--10781},
  year={2019}
}

@article{diffusion_visual_explanation,
  title={Diffusion visual counterfactual explanations},
  author={Augustin, Maximilian and Boreiko, Valentyn and Croce, Francesco and Hein, Matthias},
  journal={arXiv preprint arXiv:2210.11841},
  year={2022}
}

@inproceedings{jeanneret2022diffusion,
  title={Diffusion Models for Counterfactual Explanations},
  author={Jeanneret, Guillaume and Simon, Lo{\"\i}c and Jurie, Fr{\'e}d{\'e}ric},
  booktitle={Proceedings of the Asian Conference on Computer Vision},
  pages={858--876},
  year={2022}
}

@article{MUTAG,
  title={Derivation and validation of toxicophores for mutagenicity prediction},
  author={Kazius, Jeroen and McGuire, Ross and Bursi, Roberta},
  journal={Journal of medicinal chemistry},
  volume={48},
  number={1},
  pages={312--320},
  year={2005},
  publisher={ACS Publications}
}
@article{vignac2022digress,
  title={DiGress: Discrete Denoising diffusion for graph generation},
  author={Vignac, Clement and Krawczuk, Igor and Siraudin, Antoine and Wang, Bohan and Cevher, Volkan and Frossard, Pascal},
  journal={arXiv preprint arXiv:2209.14734},
  year={2022}
}

@inproceedings{riesen2008iam,
  title={IAM Graph Database Repository for Graph Based Pattern Recognition and Machine Learning.},
  author={Riesen, Kaspar and Bunke, Horst and others},
  booktitle={SSPR/SPR},
  volume={5342},
  pages={287--297},
  year={2008}
}

@article{MoleculeNet,
  title={MoleculeNet: a benchmark for molecular machine learning},
  author={Wu, Zhenqin and Ramsundar, Bharath and Feinberg, Evan N and Gomes, Joseph and Geniesse, Caleb and Pappu, Aneesh S and Leswing, Karl and Pande, Vijay},
  journal={Chemical science},
  volume={9},
  number={2},
  pages={513--530},
  year={2018},
  publisher={Royal Society of Chemistry}
}


@article{slack2021counterfactual,
  title={Counterfactual explanations can be manipulated},
  author={Slack, Dylan and Hilgard, Anna and Lakkaraju, Himabindu and Singh, Sameer},
  journal={Advances in neural information processing systems},
  volume={34},
  pages={62--75},
  year={2021}
}

@inproceedings{HoJA20,
  author    = {Jonathan Ho and
               Ajay Jain and
               Pieter Abbeel},
  title     = {Denoising Diffusion Probabilistic Models},
  booktitle = {NeurIPS},
  year      = {2020}
}
@inproceedings{Sohl-DicksteinW15,
  author    = {Jascha Sohl{-}Dickstein and
               Eric A. Weiss and
               Niru Maheswaranathan and
               Surya Ganguli},
  title     = {Deep Unsupervised Learning using Nonequilibrium Thermodynamics},
  booktitle = {ICML},
  year      = {2015}
}
@article{GNN-LRP,
  title={Higher-Order Explanations of Graph Neural Networks via Relevant Walks.},
  author={Thomas Schnake and Oliver Eberle and Jonas Lederer and Shinichi Nakajima and K. T. Schutt and Klaus-Robert Muller and Gr{\'e}goire Montavon},
  journal={arXiv},
  year={2020}
}


@inproceedings{PGM-Explainer,
  author    = {Minh N. Vu and
               My T. Thai},
  title     = {PGM-Explainer: Probabilistic Graphical Model Explanations for Graph
               Neural Networks},
  booktitle = {NeurIPS},
  year      = {2020}
}


@inproceedings{abs-2006-01272,
  author    = {Christopher Frye and
               Damien de Mijolla and
               Laurence Cowton and
               Megan Stanley and
               Ilya Feige},
  title     = {Shapley-based explainability on the data manifold},
  booktitle = {{ICLR}},
  year      = {2021}
}

@inproceedings{LundbergL17,
  author    = {Scott M. Lundberg and
               Su{-}In Lee},
  title     = {A Unified Approach to Interpreting Model Predictions},
  booktitle = {{NeurIPS}},
  pages     = {4765--4774},
  year      = {2017}
}

@inproceedings{FeatureRemoval,
  author    = {Ian Covert and
               Scott Lundberg and
               Su{-}In Lee},
  title     = {Feature Removal Is a Unifying Principle for Model Explanation Methods},
  booktitle   = {NeurIPS},
  year      = {2020}
}

@inproceedings{DabkowskiG17,
  author    = {Piotr Dabkowski and
               Yarin Gal},
  title     = {Real Time Image Saliency for Black Box Classifiers},
  booktitle = {{NeurIPS}},
  pages     = {6967--6976},
  year      = {2017}
}

@inproceedings{DBLP:conf/nips/LiuABG18,
  author    = {Qi Liu and
               Miltiadis Allamanis and
               Marc Brockschmidt and
               Alexander L. Gaunt},
  title     = {Constrained Graph Variational Autoencoders for Molecule Design},
  booktitle = {NeurIPS},
  pages     = {7806--7815},
  year      = {2018}
}

@inproceedings{DaiLTHWZS18,
  author    = {Hanjun Dai and
               Hui Li and
               Tian Tian and
               Xin Huang and
               Lin Wang and
               Jun Zhu and
               Le Song},
  title     = {Adversarial Attack on Graph Structured Data},
  booktitle = {{ICML}},
  pages     = {1123--1132},
  year      = {2018}
}

@article{abs-1910-04256,
  author    = {Chirag Agarwal and
               Dan Schonfeld and
               Anh Nguyen},
  title     = {Removing input features via a generative model to explain their attributions
               to classifier's decisions},
  journal   = {CoRR},
  year      = {2019}
}

@incollection{DBLP:ChariGSM20a,
  author    = {Shruthi Chari and
               Daniel M. Gruen and
               Oshani Seneviratne and
               Deborah L. McGuinness},
  title     = {Directions for Explainable Knowledge-Enabled Systems},
  booktitle = {Knowledge Graphs for eXplainable Artificial Intelligence: Foundations,
               Applications and Challenges},
  pages     = {245--261},
  year      = {2020},
}

@article{lapuschkin2019unmasking,
  title={Unmasking clever hans predictors and assessing what machines really learn},
  author={Lapuschkin, Sebastian and W{\"a}ldchen, Stephan and Binder, Alexander and Montavon, Gr{\'e}goire and Samek, Wojciech and M{\"u}ller, Klaus-Robert},
  journal={Nature communications},
  volume={10},
  number={1},
  pages={1--8},
  year={2019},
}

@article{GraphMask,
  author    = {Michael Sejr Schlichtkrull and
               Nicola De Cao and
               Ivan Titov},
  title     = {Interpreting Graph Neural Networks for {NLP} With Differentiable Edge
               Masking},
  journal   = {CoRR},
  volume    = {abs/2010.00577},
  year      = {2020}
}

@inproceedings{CF-GNNExplainer,
  author    = {Ana Lucic and
               Maartje A. ter Hoeve and
               Gabriele Tolomei and
               Maarten de Rijke and
               Fabrizio Silvestri},
  title     = {CF-GNNExplainer: Counterfactual Explanations for Graph Neural Networks},
  booktitle = {AISTATS 2022},
  series    = {Proceedings of Machine Learning Research},
  year      = {2022}
}

@inproceedings{RGExplainer,
  author    = {Caihua Shan and
               Yifei Shen and
               Yao Zhang and
               Xiang Li and
               Dongsheng Li},
  title     = {Reinforcement Learning Enhanced Explainer for Graph Neural Networks},
  booktitle = {NeurIPS},
  year      = {2021}
}

@article{RCExplainer,
  author    = {Xiang Wang and
               Yingxin Wu and
               An Zhang and
               Fuli Feng and
               Xiangnan He and
               Tat{-}Seng Chua},
  title     = {Reinforced Causal Explainer for Graph Neural Networks},
  journal   = {{IEEE} Trans. Pattern Anal. Mach. Intell.},
  year      = {2022}
}
@inproceedings{GFlowNet,
  author    = {Emmanuel Bengio and
               Moksh Jain and
               Maksym Korablyov and
               Doina Precup and
               Yoshua Bengio},
  title     = {Flow Network based Generative Models for Non-Iterative Diverse Candidate
               Generation},
  booktitle = {NeurIPS},
  year      = {2021}
}


@article{GFlowExplainer,
  title={DAG Matters! GFlowNets Enhanced Explainer For Graph Neural Networks},
  author={Li, Wenqian and Li, Yinchuan and Li, Zhigang and Hao, Jianye and Pang, Yan},
  journal={arXiv preprint arXiv:2303.02448},
  year={2023}
}

@article{RelevantWalks,
  author    = {Thomas Schnake and
               Oliver Eberle and
               Jonas Lederer and
               Shinichi Nakajima and
               Kristof T. Sch{\"{u}}tt and
               Klaus{-}Robert M{\"{u}}ller and
               Gr{\'{e}}goire Montavon},
  title     = {Higher-Order Explanations of Graph Neural Networks via Relevant Walks},
  journal   = {{IEEE} Trans. Pattern Anal. Mach. Intell.},
  year      = {2022}
}

@inproceedings{ReFine,
  title={Towards Multi-Grained Explainability for Graph Neural Networks},
  author={Wang, Xiang and Wu, Ying-Xin and Zhang, An and He, Xiangnan and Chua, Tat-Seng},
  booktitle={Proceedings of the 35th Conference on Neural Information Processing Systems},
  year={2021} 
}

@inproceedings{GNNExplainer,
  author    = {Zhitao Ying and
               Dylan Bourgeois and
               Jiaxuan You and
               Marinka Zitnik and
               Jure Leskovec},
  title     = {GNNExplainer: Generating Explanations for Graph Neural Networks},
  booktitle = {NeurIPS},
  pages     = {9240--9251},
  year      = {2019}
}
@article{Screener,
  author    = {Anonymous},
  title     = {Causal screening to interpret graph neural networks},
  journal   = {in Submitted to ICLR. https: //openreview.net/forum?id=nzKv5vxZfge},
  year      = {2021}
}

@article{SubgraphX,
  author    = {Hao Yuan and
               Haiyang Yu and
               Jie Wang and
               Kang Li and
               Shuiwang Ji},
  title     = {On Explainability of Graph Neural Networks via Subgraph Explorations},
  journal   = {ArXiv},
  year      = {2021}
}

@inproceedings{2021michael-iclr,
  author    = {Michael Sejr Schlichtkrull, Nicola De Cao, Ivan Titov},
  title     = {Interpreting Graph Neural Networks for NLP with Differentiable Edge Masking},
  booktitle = {ICLR},
  year      = {2021}
}

@inproceedings{XGNN,
  author    = {Hao Yuan and
               Jiliang Tang and
               Xia Hu and
               Shuiwang Ji},
  editor    = {Rajesh Gupta and
               Yan Liu and
               Jiliang Tang and
               B. Aditya Prakash},
  title     = {{XGNN:} Towards Model-Level Explanations of Graph Neural Networks},
  booktitle = {{KDD}},
  pages     = {430--438},
  year      = {2020},
}


@article{GraphLIME,
  author    = {Qiang Huang and
               Makoto Yamada and
               Yuan Tian and
               Dinesh Singh and
               Dawei Yin and
               Yi Chang},
  title     = {GraphLIME: Local Interpretable Model Explanations for Graph Neural
               Networks},
  journal   = {CoRR},
  volume    = {abs/2001.06216},
  year      = {2020},
}
@article{Graph-SST2,
  author    = {Hao Yuan and
               Haiyang Yu and
               Shurui Gui and
               Shuiwang Ji},
  title     = {Explainability in Graph Neural Networks: {A} Taxonomic Survey},
  journal   = {CoRR},
  year      = {2020}
}

@article{RelEx,
  author    = {Yue Zhang, David Defazio, Arti Ramesh},
  title     = {RelEx: A Model-Agnostic Relational Model Explainer},
  journal= {arXiv preprint arXiv:2006.00305},
  year={2020}
}


@inproceedings{Grad-CAM,
  author    = {Ramprasaath R. Selvaraju and
               Michael Cogswell and
               Abhishek Das and
               Ramakrishna Vedantam and
               Devi Parikh and
               Dhruv Batra},
  title     = {Grad-CAM: Visual Explanations from Deep Networks via Gradient-Based
               Localization},
  booktitle = {ICCV},
  pages     = {618--626},
  year      = {2017},
}

@inproceedings{L2X,
  author    = {Jianbo Chen and
               Le Song and
               Martin J. Wainwright and
               Michael I. Jordan},
  title     = {Learning to Explain: An Information-Theoretic Perspective on Model
               Interpretation},
  booktitle = {ICML},
  pages     = {882--891},
  year      = {2018},
}

@inproceedings{PGExplainer,
  author    = {Dongsheng Luo and
               Wei Cheng and
               Dongkuan Xu and
               Wenchao Yu and
               Bo Zong and
               Haifeng Chen and
               Xiang Zhang},
  title     = {Parameterized Explainer for Graph Neural Network},
  booktitle = {NeurIPS},
  year      = {2020}
}

@inproceedings{gradients,
  author    = {Karen Simonyan and
              Andrea Vedaldi and
              Andrew Zisserman},
  title     = {Deep Inside Convolutional Networks: Visualising Image Classification
              Models and Saliency Maps},
  booktitle = {ICLR},
  year      = {2014},
}

@article{LRP,
  title={On pixel-wise explanations for non-linear classifier decisions by layer-wise relevance propagation},
  author={Bach, Sebastian and Binder, Alexander and Montavon, Gr{\'e}goire and Klauschen, Frederick and M{\"u}ller, Klaus-Robert and Samek, Wojciech},
  journal={PloS one},
  volume={10},
  number={7},
  year={2015},
}

@article{gradients*input,
  author    = {Avanti Shrikumar and
               Peyton Greenside and
               Anna Shcherbina and
               Anshul Kundaje},
  title     = {Not Just a Black Box: Learning Important Features Through Propagating
               Activation Differences},
  journal   = {CoRR},
  year      = {2016},
}

@inproceedings{DeepLIFT,
  author    = {Avanti Shrikumar and
               Peyton Greenside and
               Anshul Kundaje},
  title     = {Learning Important Features Through Propagating Activation Differences},
  booktitle = {ICML},
  volume    = {70},
  pages     = {3145--3153},
  year      = {2017},
}

@inproceedings{LIME,
  author    = {Marco T{\'{u}}lio Ribeiro and
               Sameer Singh and
               Carlos Guestrin},
  title     = {"Why Should {I} Trust You?": Explaining the Predictions of Any Classifier},
  booktitle = {KDD},
  pages     = {1135--1144},
  year      = {2016},
}

@inproceedings{IG,
  author    = {Mukund Sundararajan and
               Ankur Taly and
               Qiqi Yan},
  title     = {Axiomatic Attribution for Deep Networks},
  booktitle = {ICML},
  volume    = {70},
  pages     = {3319--3328},
  year      = {2017},
}
@inproceedings{Grad-CAM-Graph,
  author    = {Phillip E. Pope and
               Soheil Kolouri and
               Mohammad Rostami and
               Charles E. Martin and
               Heiko Hoffmann},
  title     = {Explainability Methods for Graph Convolutional Neural Networks},
  booktitle = {{CVPR}},
  pages     = {10772--10781},
  year      = {2019}
}

@article{SA-Graph,
  author    = {Federico Baldassarre and
               Hossein Azizpour},
  title     = {Explainability Techniques for Graph Convolutional Networks},
  journal   = {CoRR},
  volume    = {abs/1905.13686},
  year      = {2019},
}


@article{Gan-Explainer,
  title     =   {GANExplainer: GAN-based Graph Neural Networks Explainer},
  author    =   {Li, Yiqiao and Zhou, Jianlong and Zheng, Boyuan and Chen, Fang},
  journal   =   {arXiv preprint arXiv:2301.00012},
  year      =   {2022}
}

@inproceedings{OrphicX,
  title     =   {Orphicx: A causality-inspired latent variable model for interpreting graph neural networks},
  author    =   {Lin, Wanyu and Lan, Hao and Wang, Hao and Li, Baochun},
  booktitle =   {Proceedings of the IEEE/CVF Conference on Computer Vision and Pattern Recognition},
  pages     =   {13729--13738},
  year      =   {2022}
}

@article{CLEAR,
  title     =   {CLEAR: Generative Counterfactual Explanations on Graphs},
  author    =   {Ma, Jing and Guo, Ruocheng and Mishra, Saumitra and Zhang, Aidong and Li, Jundong},
  journal   =   {arXiv preprint arXiv:2210.08443},
  year      =   {2022}
}


@article{GVAE,
  title     =   {Variational graph auto-encoders},
  author    =   {Kipf, Thomas N and Welling, Max},
  journal   =   {arXiv preprint arXiv:1611.07308},
  year      =   {2016}
}

@inproceedings{GEM,
  title={Generative causal explanations for graph neural networks},
  author={Lin, Wanyu and Lan, Hao and Li, Baochun},
  booktitle={International Conference on Machine Learning},
  pages={6666--6679},
  year={2021},
  organization={PMLR}
}

@article{luo2020parameterized,
  title={Parameterized explainer for graph neural network},
  author={Luo, Dongsheng and Cheng, Wei and Xu, Dongkuan and Yu, Wenchao and Zong, Bo and Chen, Haifeng and Zhang, Xiang},
  journal={Advances in neural information processing systems},
  volume={33},
  pages={19620--19631},
  year={2020}
}

@article{tishby2000information,
  title={The information bottleneck method},
  author={Tishby, Naftali and Pereira, Fernando C and Bialek, William},
  journal={arXiv preprint physics/0004057},
  year={2000}
}

@book{glymour2016causal,
  title={Causal inference in statistics: A primer},
  author={Glymour, Madelyn and Pearl, Judea and Jewell, Nicholas P},
  year={2016},
  publisher={John Wiley \& Sons}
}

@article{wang2022gnninterpreter,
  title={GNNInterpreter: A Probabilistic Generative Model-Level Explanation for Graph Neural Networks},
  author={Wang, Xiaoqi and Shen, Han-Wei},
  journal={arXiv preprint arXiv:2209.07924},
  year={2022}
}

@inproceedings{yuan2020xgnn,
  title={Xgnn: Towards model-level explanations of graph neural networks},
  author={Yuan, Hao and Tang, Jiliang and Hu, Xia and Ji, Shuiwang},
  booktitle={Proceedings of the 26th ACM SIGKDD International Conference on Knowledge Discovery \& Data Mining},
  pages={430--438},
  year={2020}
}

@inproceedings{yugraph,
  title={Graph Information Bottleneck for Subgraph Recognition},
  author={Yu, Junchi and Xu, Tingyang and Rong, Yu and Bian, Yatao and Huang, Junzhou and He, Ran},
  booktitle={International Conference on Learning Representations},
  year = {2021}
}

@inproceedings{GSAT,
  title={Interpretable and generalizable graph learning via stochastic attention mechanism},
  author={Miao, Siqi and Liu, Mia and Li, Pan},
  booktitle={International Conference on Machine Learning},
  pages={15524--15543},
  year={2022},
  organization={PMLR}
}

@article{gnninterpreter,
  title={GNNInterpreter: A Probabilistic Generative Model-Level Explanation for Graph Neural Networks},
  author={Wang, Xiaoqi and Shen, Han-Wei},
  journal={arXiv preprint arXiv:2209.07924},
  year={2022}
}

@article{Mine,
  title={Mine: mutual information neural estimation},
  author={Belghazi, Mohamed Ishmael and Baratin, Aristide and Rajeswar, Sai and Ozair, Sherjil and Bengio, Yoshua and Courville, Aaron and Hjelm, R Devon},
  journal={arXiv preprint arXiv:1801.04062},
  year={2018}
}

@inproceedings{GNN_socialnetwork,
  title={Graph neural networks for social recommendation},
  author={Fan, Wenqi and Ma, Yao and Li, Qing and He, Yuan and Zhao, Eric and Tang, Jiliang and Yin, Dawei},
  booktitle={The world wide web conference},
  pages={417--426},
  year={2019}
}

@inproceedings{GNN_anomaly,
  title={Anomaly detection using graph neural networks},
  author={Chaudhary, Anshika and Mittal, Himangi and Arora, Anuja},
  booktitle={2019 international conference on machine learning, big data, cloud and parallel computing (COMITCon)},
  pages={346--350},
  year={2019},
  organization={IEEE}
}

@article{GNN_molecule,
  title={Molecular generative graph neural networks for drug discovery},
  author={Bongini, Pietro and Bianchini, Monica and Scarselli, Franco},
  journal={Neurocomputing},
  volume={450},
  pages={242--252},
  year={2021},
  publisher={Elsevier}
}

@article{GNN_molecule_review,
  title={A compact review of molecular property prediction with graph neural networks},
  author={Wieder, Oliver and Kohlbacher, Stefan and Kuenemann, M{\'e}laine and Garon, Arthur and Ducrot, Pierre and Seidel, Thomas and Langer, Thierry},
  journal={Drug Discovery Today: Technologies},
  volume={37},
  pages={1--12},
  year={2020},
  publisher={Elsevier}
}

@article{GNN_financial,
  title={A review on graph neural network methods in financial applications},
  author={Wang, Jianian and Zhang, Sheng and Xiao, Yanghua and Song, Rui},
  journal={arXiv preprint arXiv:2111.15367},
  year={2021}
}

@article{GNN_financial_time_series,
  title={Financial time series forecasting with multi-modality graph neural network},
  author={Cheng, Dawei and Yang, Fangzhou and Xiang, Sheng and Liu, Jin},
  journal={Pattern Recognition},
  volume={121},
  pages={108218},
  year={2022},
  publisher={Elsevier}
}

@article{GNN_application,
  title={Graph neural networks: A review of methods and applications},
  author={Zhou, Jie and Cui, Ganqu and Hu, Shengding and Zhang, Zhengyan and Yang, Cheng and Liu, Zhiyuan and Wang, Lifeng and Li, Changcheng and Sun, Maosong},
  journal={AI open},
  volume={1},
  pages={57--81},
  year={2020},
  publisher={Elsevier}
}
@inproceedings{explainability_GCN,
  title={Explainability methods for graph convolutional neural networks},
  author={Pope, Phillip E and Kolouri, Soheil and Rostami, Mohammad and Martin, Charles E and Hoffmann, Heiko},
  booktitle={Proceedings of the IEEE/CVF conference on computer vision and pattern recognition},
  pages={10772--10781},
  year={2019}
}

@article{Evaluate_explainability,
  title={Evaluating explainability for graph neural networks},
  author={Agarwal, Chirag and Queen, Owen and Lakkaraju, Himabindu and Zitnik, Marinka},
  journal={Scientific Data},
  volume={10},
  number={1},
  pages={144},
  year={2023},
  publisher={Nature Publishing Group UK London}
}

@article{Survey_li,
  title={A survey of explainable graph neural networks: Taxonomy and evaluation metrics},
  author={Li, Yiqiao and Zhou, Jianlong and Verma, Sunny and Chen, Fang},
  journal={arXiv preprint arXiv:2207.12599},
  year={2022}
}

@article{Survey_counterfactual,
  title={A Survey on Graph Counterfactual Explanations: Definitions, Methods, Evaluation},
  author={Prado-Romero, Mario Alfonso and Prenkaj, Bardh and Stilo, Giovanni and Giannotti, Fosca},
  journal={arXiv preprint arXiv:2210.12089},
  year={2022}
}

@article{Survey_trustworthy,
  title={A survey of trustworthy graph learning: Reliability, explainability, and privacy protection},
  author={Wu, Bingzhe and Li, Jintang and Yu, Junchi and Bian, Yatao and Zhang, Hengtong and Chen, CHaochao and Hou, Chengbin and Fu, Guoji and Chen, Liang and Xu, Tingyang and others},
  journal={arXiv preprint arXiv:2205.10014},
  year={2022}
}

@inproceedings{survey_cyber,
  title={A Survey of Explainable Graph Neural Networks for Cyber Malware Analysis},
  author={Warmsley, Dana and Waagen, Alex and Xu, Jiejun and Liu, Zhining and Tong, Hanghang},
  booktitle={2022 IEEE International Conference on Big Data (Big Data)},
  pages={2932--2939},
  year={2022},
  organization={IEEE}
}

@article{survey_zhang,
  title={Trustworthy graph neural networks: Aspects, methods and trends},
  author={Zhang, He and Wu, Bang and Yuan, Xingliang and Pan, Shirui and Tong, Hanghang and Pei, Jian},
  journal={arXiv preprint arXiv:2205.07424},
  year={2022}
}

@inproceedings{occlusion,
  title={Visualizing and understanding convolutional networks},
  author={Zeiler, Matthew D and Fergus, Rob},
  booktitle={Computer Vision--ECCV 2014: 13th European Conference, Zurich, Switzerland, September 6-12, 2014, Proceedings, Part I 13},
  pages={818--833},
  year={2014},
  organization={Springer}
}


%%%% GraphFramEx

@article{GraphFramEx,
  title={GraphFramEx: Towards Systematic Evaluation of Explainability Methods for Graph Neural Networks},
  author={Amara, Kenza and Ying, Rex and Zhang, Zitao and Han, Zhihao and Shan, Yinan and Brandes, Ulrik and Schemm, Sebastian and Zhang, Ce},
  journal={arXiv preprint arXiv:2206.09677},
  year={2022}
}


%%% GNN models
@article{GCN,
  author    = {Thomas N. Kipf and
               Max Welling},
  title     = {Semi-Supervised Classification with Graph Convolutional Networks},
  journal   = {CoRR},
  volume    = {abs/1609.02907},
  year      = {2016},
  eprinttype = {arXiv},
  eprint    = {1609.02907}
  
}
  
@article{GraphSAGE,
  author    = {William L. Hamilton and
               Rex Ying and
               Jure Leskovec},
  title     = {Inductive Representation Learning on Large Graphs},
  journal   = {CoRR},
  volume    = {abs/1706.02216},
  year      = {2017},
  url       = {http://arxiv.org/abs/1706.02216},
  eprinttype = {arXiv},
  eprint    = {1706.02216}
  
}
% timestamp = {Mon, 13 Aug 2018 16:46:12 +0200},
% biburl    = {https://dblp.org/rec/journals/corr/HamiltonYL17.bib},
% bibsource = {dblp computer science bibliography, https://dblp.org}
  
@misc{GAT,
  doi = {10.48550/ARXIV.1710.10903},
  author = {Veličković, Petar and Cucurull, Guillem and Casanova, Arantxa and Romero, Adriana and Liò, Pietro and Bengio, Yoshua},
  keywords = {Machine Learning (stat.ML), Artificial Intelligence (cs.AI), Machine Learning (cs.LG), Social and Information Networks (cs.SI), FOS: Computer and information sciences, FOS: Computer and information sciences},
  title = {Graph Attention Networks},
  publisher = {arXiv},
  year = {2018}
 }
% url = {https://arxiv.org/abs/1710.10903},
 
@article{GraphTransf,
  author    = {Yunsheng Shi and
               Zhengjie Huang and
               Wenjin Wang and
               Hui Zhong and
               Shikun Feng and
               Yu Sun},
  title     = {Masked Label Prediction: Unified Massage Passing Model for Semi-Supervised
               Classification},
  journal   = {CoRR},
  volume    = {abs/2009.03509},
  year      = {2020},
  url       = {https://arxiv.org/abs/2009.03509},
  eprinttype = {arXiv},
  eprint    = {2009.03509}
}
% timestamp = {Thu, 17 Sep 2020 12:49:52 +0200},
% biburl    = {https://dblp.org/rec/journals/corr/abs-2009-03509.bib},
% bibsource = {dblp computer science bibliography, https://dblp.org}

@misc{GIN,
      title={Strategies for Pre-training Graph Neural Networks}, 
      author={Weihua Hu and Bowen Liu and Joseph Gomes and Marinka Zitnik and Percy Liang and Vijay Pande and Jure Leskovec},
      year={2020},
      eprint={1905.12265},
      archivePrefix={arXiv},
      primaryClass={cs.LG}
}


%%%%% DATASETS %%%%%%

% Mutag dataset
@article{debnath1991structure,
  title={Structure-activity relationship of mutagenic aromatic and heteroaromatic nitro compounds. correlation with molecular orbital energies and hydrophobicity},
  author={Debnath, Asim Kumar and Lopez de Compadre, Rosa L and Debnath, Gargi and Shusterman, Alan J and Hansch, Corwin},
  journal={Journal of medicinal chemistry},
  volume={34},
  number={2},
  pages={786--797},
  year={1991},
  publisher={ACS Publications}
}


% BBBP dataset
@article{wu2018moleculenet,
  title={MoleculeNet: a benchmark for molecular machine learning},
  author={Wu, Zhenqin and Ramsundar, Bharath and Feinberg, Evan N and Gomes, Joseph and Geniesse, Caleb and Pappu, Aneesh S and Leswing, Karl and Pande, Vijay},
  journal={Chemical science},
  volume={9},
  number={2},
  pages={513--530},
  year={2018},
  publisher={Royal Society of Chemistry}
}

@article{drug_cf,
  title={Counterfactual Explanation with Multi-Agent Reinforcement Learning for Drug Target Prediction},
  author={Nguyen, Tri Minh and Quinn, Thomas P and Nguyen, Thin and Tran, Truyen},
  journal={arXiv preprint arXiv:2103.12983},
  year={2021}
}

@article{drug_XAI,
  title={Drug discovery with explainable artificial intelligence},
  author={Jim{\'e}nez-Luna, Jos{\'e} and Grisoni, Francesca and Schneider, Gisbert},
  journal={Nature Machine Intelligence},
  volume={2},
  number={10},
  pages={573--584},
  year={2020},
  publisher={Nature Publishing Group UK London}
}

@article{molecule_cf,
  title={Model agnostic generation of counterfactual explanations for molecules},
  author={Wellawatte, Geemi P and Seshadri, Aditi and White, Andrew D},
  journal={Chemical science},
  volume={13},
  number={13},
  pages={3697--3705},
  year={2022},
  publisher={Royal Society of Chemistry}
}

@article{model_attack_cf,
  title={Model extraction from counterfactual explanations},
  author={A{\"\i}vodji, Ulrich and Bolot, Alexandre and Gambs, S{\'e}bastien},
  journal={arXiv preprint arXiv:2009.01884},
  year={2020}
}

@article{data_augmentation,
  title={Graph data augmentation for graph machine learning: A survey},
  author={Zhao, Tong and Liu, Gang and G{\"u}nnemann, Stephan and Jiang, Meng},
  journal={arXiv preprint arXiv:2202.08871},
  year={2022}
}

@article{bamultishapes,
  title={Global explainability of gnns via logic combination of learned concepts},
  author={Azzolin, Steve and Longa, Antonio and Barbiero, Pietro and Li{\`o}, Pietro and Passerini, Andrea},
  journal={arXiv preprint arXiv:2210.07147},
  year={2022}
}

@article{mnist_dataset,
  title={Understanding attention and generalization in graph neural networks},
  author={Knyazev, Boris and Taylor, Graham W and Amer, Mohamed},
  journal={Advances in neural information processing systems},
  volume={32},
  year={2019}
}

@article{lecun1998gradient,
  title={Gradient-based learning applied to document recognition},
  author={LeCun, Yann and Bottou, L{\'e}on and Bengio, Yoshua and Haffner, Patrick},
  journal={Proceedings of the IEEE},
  volume={86},
  number={11},
  pages={2278--2324},
  year={1998},
  publisher={Ieee}
}