@article{Perifanis_2022,
	year = 2022,
	publisher = {Elsevier {BV}},
	volume = {242},
	pages = {108441},
	author = {Vasileios Perifanis and Pavlos S. Efraimidis},
	title = {Federated Neural Collaborative Filtering},
	journal = {Knowledge-Based Systems}
}
@article{Maeng:RecSys22,
  author = {Maeng, Kiwan and Lu, Haiyu and Melis, Luca and Nguyen, John and Rabbat, Mike and Wu, Carole-Jean},
  title = {Towards Fair Federated Recommendation Learning: Characterizing the Inter-Dependence of System and Data Heterogeneity},
  journal={arXiv preprint arXiv:2206.02633},
  year = {2022},
}

@article{greenwade93,
    author  = "George D. Greenwade",
    title   = "The {C}omprehensive {T}ex {A}rchive {N}etwork ({CTAN})",
    year    = "1993",
    journal = "TUGBoat",
    volume  = "14",
    number  = "3",
    pages   = "342--351"
}

@article{abdulrahman2020survey,
  title={A survey on federated learning: The journey from centralized to distributed on-site learning and beyond},
  author={AbdulRahman, Sawsan and Tout, Hanine and Ould-Slimane, Hakima and Mourad, Azzam and Talhi, Chamseddine and Guizani, Mohsen},
  journal={IEEE Internet of Things Journal},
  volume={8},
  number={7},
  pages={5476--5497},
  year={2020},
  publisher={IEEE}
}

@article{hao2020apple,
  title={How {A}pple personalizes {S}iri without hoovering up your data},
  author={Hao, Karen},
  journal={Technology Review},
  year={2020}
}

@inproceedings{liu2020fedvision,
  title={{FedVision}: An online visual object detection platform powered by federated learning},
  author={Liu, Yang and Huang, Anbu and Luo, Yun and Huang, He and Liu, Youzhi and Chen, Yuanyuan and Feng, Lican and Chen, Tianjian and Yu, Han and Yang, Qiang},
  booktitle={Proceedings of the AAAI Conference on Artificial Intelligence},
  volume={34},
  number={08},
  pages={13172--13179},
  year={2020}
}

@article{rieke2020future,
  title={The future of digital health with federated learning},
  author={Rieke, Nicola and Hancox, Jonny and Li, Wenqi and Milletari, Fausto and Roth, Holger R and Albarqouni, Shadi and Bakas, Spyridon and Galtier, Mathieu N and Landman, Bennett A and Maier-Hein, Klaus and others},
  journal={NPJ digital medicine},
  volume={3},
  number={1},
  pages={1--7},
  year={2020},
  publisher={Nature Publishing Group}
}

@article{paulik2021federated,
  title={Federated evaluation and tuning for on-device personalization: System design \& applications},
  author={Paulik, Matthias and Seigel, Matt and Mason, Henry and Telaar, Dominic and Kluivers, Joris and van Dalen, Rogier and Lau, Chi Wai and Carlson, Luke and Granqvist, Filip and Vandevelde, Chris and others},
  journal={arXiv preprint arXiv:2102.08503},
  year={2021}
}

@article{hartmann2019federated,
  title={Federated learning for ranking browser history suggestions},
  author={Hartmann, Florian and Suh, Sunah and Komarzewski, Arkadiusz and Smith, Tim D and Segall, Ilana},
  journal={arXiv preprint arXiv:1911.11807},
  year={2019}
}

@article{hard2020training,
  title={Training keyword spotting models on non-iid data with federated learning},
  author={Hard, Andrew and Partridge, Kurt and Nguyen, Cameron and Subrahmanya, Niranjan and Shah, Aishanee and Zhu, Pai and Moreno, Ignacio Lopez and Mathews, Rajiv},
  journal={arXiv preprint arXiv:2005.10406},
  year={2020}
}

@inproceedings{geng2019horizontal,
  title={Horizontal or vertical? a hybrid approach to large-scale distributed machine learning},
  author={Geng, Jinkun and Li, Dan and Wang, Shuai},
  booktitle={Proceedings of the 10th Workshop on Scientific Cloud Computing},
  pages={1--4},
  year={2019}
}

@article{beane1987market,
  title={Market segmentation: a review},
  author={Beane, TP and Ennis, DM},
  journal={European journal of marketing},
  year={1987},
  publisher={MCB UP Ltd}
}

@incollection{wang2017deep,
  title={Deep \& cross network for ad click predictions},
  author={Wang, Ruoxi and Fu, Bin and Fu, Gang and Wang, Mingliang},
  booktitle={Proceedings of the ADKDD'17},
  pages={1--7},
  year={2017}
}

@article{huba2022papaya,
  title={Papaya: Practical, private, and scalable federated learning},
  author={Huba, Dzmitry and Nguyen, John and Malik, Kshitiz and Zhu, Ruiyu and Rabbat, Mike and Yousefpour, Ashkan and Wu, Carole-Jean and Zhan, Hongyuan and Ustinov, Pavel and Srinivas, Harish and others},
  journal={Proceedings of Machine Learning and Systems},
  volume={4},
  year={2022}
}

@article{zhao2020distributed,
  title={Distributed hierarchical {GPU} parameter server for massive scale deep learning ads systems},
  author={Zhao, Weijie and Xie, Deping and Jia, Ronglai and Qian, Yulei and Ding, Ruiquan and Sun, Mingming and Li, Ping},
  journal={Proceedings of Machine Learning and Systems},
  volume={2},
  pages={412--428},
  year={2020}
}

@inproceedings{li2020practical,
  title={Practical federated gradient boosting decision trees},
  author={Li, Qinbin and Wen, Zeyi and He, Bingsheng},
  booktitle={Proceedings of the AAAI conference on artificial intelligence},
  volume={34},
  number={04},
  pages={4642--4649},
  year={2020}
}

@article{berke2022privacy,
  title={Privacy Limitations Of Interest-based Advertising On The Web: A Post-mortem Empirical Analysis Of {Google}'s {FLoC}},
  author={Berke, Alex and Calacci, Dan},
  journal={arXiv preprint arXiv:2201.13402},
  year={2022}
}

@article{sculley2015hidden,
  title={Hidden technical debt in machine learning systems},
  author={Sculley, David and Holt, Gary and Golovin, Daniel and Davydov, Eugene and Phillips, Todd and Ebner, Dietmar and Chaudhary, Vinay and Young, Michael and Crespo, Jean-Francois and Dennison, Dan},
  journal={Advances in neural information processing systems},
  volume={28},
  year={2015}
}

@article{lin2020ensemble,
  title={Ensemble distillation for robust model fusion in federated learning},
  author={Lin, Tao and Kong, Lingjing and Stich, Sebastian U and Jaggi, Martin},
  journal={Advances in Neural Information Processing Systems},
  volume={33},
  pages={2351--2363},
  year={2020}
}

@article{gong2022preserving,
  title={Preserving Privacy in Federated Learning with Ensemble Cross-Domain Knowledge Distillation},
  author={Gong, Xuan and Sharma, Abhishek and Karanam, Srikrishna and Wu, Ziyan and Chen, Terrence and Doermann, David and Innanje, Arun},
  year={2022}
}

@inproceedings{sui2020feded,
  title={{FedED}: {F}ederated learning via ensemble distillation for medical relation extraction},
  author={Sui, Dianbo and Chen, Yubo and Zhao, Jun and Jia, Yantao and Xie, Yuantao and Sun, Weijian},
  booktitle={Proceedings of the 2020 conference on empirical methods in natural language processing (EMNLP)},
  pages={2118--2128},
  year={2020}
}

@inproceedings{hamer2020fedboost,
  title={{FedBoost}: A communication-efficient algorithm for federated learning},
  author={Hamer, Jenny and Mohri, Mehryar and Suresh, Ananda Theertha},
  booktitle={International Conference on Machine Learning},
  pages={3973--3983},
  year={2020},
  organization={PMLR}
}

@article{luo2021research,
  title={Research on privacy protection of multi source data based on improved {GBDT} federated ensemble method with different metrics},
  author={Luo, Changyin and Chen, Xuebin and Xu, Jingcheng and Zhang, Shufen},
  journal={Physical Communication},
  volume={49},
  pages={101347},
  year={2021},
  publisher={Elsevier}
}

@article{shi2021fed,
  title={Fed-ensemble: Improving generalization through model ensembling in federated learning},
  author={Shi, Naichen and Lai, Fan and Kontar, Raed Al and Chowdhury, Mosharaf},
  journal={arXiv preprint arXiv:2107.10663},
  year={2021}
}


@article{majeed2020blockchain,
  title={Blockchain-assisted ensemble federated learning for automatic modulation classification in wireless networks},
  author={Majeed, Umer and Hong, Choong Seon},
  journal={Proc. of the KIISE Korea Computer Congress},
  pages={756--758},
  year={2020}
}

@article{attota2021ensemble,
  title={An ensemble multi-view federated learning intrusion detection for {IoT}},
  author={Attota, Dinesh Chowdary and Mothukuri, Viraaji and Parizi, Reza M and Pouriyeh, Seyedamin},
  journal={IEEE Access},
  volume={9},
  pages={117734--117745},
  year={2021},
  publisher={IEEE}
}

@article{chen2020fedbe,
  title={{FedBE}: Making {B}ayesian model ensemble applicable to federated learning},
  author={Chen, Hong-You and Chao, Wei-Lun},
  journal={arXiv preprint arXiv:2009.01974},
  year={2020}
}

@article{guha2019one,
  title={One-shot federated learning},
  author={Guha, Neel and Talwalkar, Ameet and Smith, Virginia},
  journal={arXiv preprint arXiv:1902.11175},
  year={2019}
}

@article{liu2020privacy,
  title={Privacy-preserving traffic flow prediction: A federated learning approach},
  author={Liu, Yi and James, JQ and Kang, Jiawen and Niyato, Dusit and Zhang, Shuyu},
  journal={IEEE Internet of Things Journal},
  volume={7},
  number={8},
  pages={7751--7763},
  year={2020},
  publisher={IEEE}
}

@article{bian2021fedseal,
  title={{FedSEAL}: Semi-Supervised Federated Learning with Self-Ensemble Learning and Negative Learning},
  author={Bian, Jieming and Fu, Zhu and Xu, Jie},
  journal={arXiv preprint arXiv:2110.07829},
  year={2021}
}

@inproceedings{orhobor2020federated,
  title={Federated Ensemble Regression Using Classification},
  author={Orhobor, Oghenejokpeme I and Soldatova, Larisa N and King, Ross D},
  booktitle={International Conference on Discovery Science},
  pages={325--339},
  year={2020},
  organization={Springer}
}

@article{nguyen2021federated,
  title={Federated learning with buffered asynchronous aggregation},
  author={Nguyen, John and Malik, Kshitiz and Zhan, Hongyuan and Yousefpour, Ashkan and Rabbat, Michael and Malek, Mani and Huba, Dzmitry},
  journal={arXiv preprint arXiv:2106.06639},
  year={2021}
}

@inproceedings{li2021novel,
  title={A Novel {CTR} Prediction Model Based On {DeepFM} For {T}aobao Data},
  author={Li, LinShu and Hong, Jianbo and Min, Sitao and Xue, Yunfan},
  booktitle={2021 IEEE International Conference on Artificial Intelligence and Industrial Design (AIID)},
  pages={184--187},
  year={2021},
  organization={IEEE}
}

@article{kanaparthy2021fair,
  title={Fair Federated Learning for Heterogeneous Face Data},
  author={Kanaparthy, Samhita and Padala, Manisha and Damle, Sankarshan and Gujar, Sujit},
  journal={arXiv preprint arXiv:2109.02351},
  year={2021}
}

@article{zhang2021wide,
  title={Wide network learning with differential privacy},
  author={Zhang, Huanyu and Mironov, Ilya and Hejazinia, Meisam},
  journal={arXiv preprint arXiv:2103.01294},
  year={2021}
}

@article{bonawitz2019towards,
  title={Towards federated learning at scale: System design},
  author={Bonawitz, Keith and Eichner, Hubert and Grieskamp, Wolfgang and Huba, Dzmitry and Ingerman, Alex and Ivanov, Vladimir and Kiddon, Chloe and Kone{\v{c}}n{\`y}, Jakub and Mazzocchi, Stefano and McMahan, Brendan and others},
  journal={Proceedings of Machine Learning and Systems},
  volume={1},
  pages={374--388},
  year={2019}
}

@article{wei2020federated,
  title={Federated learning with differential privacy: Algorithms and performance analysis},
  author={Wei, Kang and Li, Jun and Ding, Ming and Ma, Chuan and Yang, Howard H and Farokhi, Farhad and Jin, Shi and Quek, Tony QS and Poor, H Vincent},
  journal={IEEE Transactions on Information Forensics and Security},
  volume={15},
  pages={3454--3469},
  year={2020},
  publisher={IEEE}
}

@article{mcmahan2017learning,
  title={Learning differentially private recurrent language models},
  author={McMahan, H Brendan and Ramage, Daniel and Talwar, Kunal and Zhang, Li},
  journal={arXiv preprint arXiv:1710.06963},
  year={2017}
}

@article{mondal2021flatee,
  title={Flatee: Federated Learning Across Trusted Execution Environments},
  author={Mondal, Arup and More, Yash and Rooparaghunath, Ruthu Hulikal and Gupta, Debayan},
  journal={arXiv preprint arXiv:2111.06867},
  year={2021}
}

@article{li2020privacy,
  title={Privacy-preserving federated learning framework based on chained secure multiparty computing},
  author={Li, Yong and Zhou, Yipeng and Jolfaei, Alireza and Yu, Dongjin and Xu, Gaochao and Zheng, Xi},
  journal={IEEE Internet of Things Journal},
  volume={8},
  number={8},
  pages={6178--6186},
  year={2020},
  publisher={IEEE}
}

@article{thapa2020splitfed,
  title={{SplitFed}: When federated learning meets split learning},
  author={Thapa, Chandra and Chamikara, Mahawaga Arachchige Pathum and Camtepe, Seyit and Sun, Lichao},
  journal={arXiv preprint arXiv:2004.12088},
  year={2020}
}

@article{liu2019revocable,
  title={Revocable federated learning: A benchmark of federated forest},
  author={Liu, Yang and Ma, Zhuo and Liu, Ximeng and Wang, Zhuzhu and Ma, Siqi and Ren, Ken},
  journal={arXiv preprint arXiv:1911.03242},
  year={2019}
}

@article{le2021fedxgboost,
  title={{FedXGBoost}: Privacy-Preserving {XGBoost} for Federated Learning},
  author={Le, Nhan Khanh and Liu, Yang and Nguyen, Quang Minh and Liu, Qingchen and Liu, Fangzhou and Cai, Quanwei and Hirche, Sandra},
  journal={arXiv preprint arXiv:2106.10662},
  year={2021},
  note={Presented at International Workshop on Federated and Transfer Learning for Data Sparsity and Confidentiality (FTL-IJCAI'21).}
}

@article{prasad2006newer,
  title={Newer classification and regression tree techniques: bagging and random forests for ecological prediction},
  author={Prasad, Anantha M and Iverson, Louis R and Liaw, Andy},
  journal={Ecosystems},
  volume={9},
  number={2},
  pages={181--199},
  year={2006},
  publisher={Springer}
}

@inproceedings{dwork2009differential,
  title={Differential privacy and robust statistics},
  author={Dwork, Cynthia and Lei, Jing},
  booktitle={Proceedings of the forty-first annual ACM symposium on Theory of computing},
  pages={371--380},
  year={2009}
}


@inproceedings{din,
  title={Deep interest network for click-through rate prediction},
  author={Zhou, Guorui and Zhu, Xiaoqiang and Song, Chenru and Fan, Ying and Zhu, Han and Ma, Xiao and Yan, Yanghui and Jin, Junqi and Li, Han and Gai, Kun},
  booktitle={Proceedings of the 24th ACM SIGKDD International Conference on Knowledge Discovery \& Data Mining},
  pages={1059--1068},
  year={2018}
}


@article{dlrm,
  title={Deep learning recommendation model for personalization and recommendation systems},
  author={Naumov, Maxim and Mudigere, Dheevatsa and Shi, Hao-Jun Michael and Huang, Jianyu and Sundaraman, Narayanan and Park, Jongsoo and Wang, Xiaodong and Gupta, Udit and Wu, Carole-Jean and Azzolini, Alisson G and others},
  journal={arXiv preprint arXiv:1906.00091},
  year={2019}
}


@inproceedings{wideanddeep,
  title={Wide \& deep learning for recommender systems},
  author={Cheng, Heng-Tze and Koc, Levent and Harmsen, Jeremiah and Shaked, Tal and Chandra, Tushar and Aradhye, Hrishi and Anderson, Glen and Corrado, Greg and Chai, Wei and Ispir, Mustafa and others},
  booktitle={Proceedings of the 1st workshop on deep learning for recommender systems},
  pages={7--10},
  year={2016}
}


@inproceedings{alibaba_fl,
  title={Billion-scale federated learning on mobile clients: A submodel design with tunable privacy},
  author={Niu, Chaoyue and Wu, Fan and Tang, Shaojie and Hua, Lifeng and Jia, Rongfei and Lv, Chengfei and Wu, Zhihua and Chen, Guihai},
  booktitle={Proceedings of the 26th Annual International Conference on Mobile Computing and Networking},
  pages={1--14},
  year={2020}
}

@article{baidu,
  title={Distributed Hierarchical GPU Parameter Server for Massive Scale Deep Learning Ads Systems},
  author={Zhao, Weijie and Xie, Deping and Jia, Ronglai and Qian, Yulei and Ding, Ruiquan and Sun, Mingming and Li, Ping},
  journal={arXiv preprint arXiv:2003.05622},
  year={2020}
}

@INPROCEEDINGS{acun:2021:understandingtraining,
      title={Understanding Training Efficiency of Deep Learning Recommendation Models at Scale}, 
      author={Bilge Acun and Matthew Murphy and Xiaodong Wang and Jade Nie and Carole-Jean Wu and Kim Hazelwood},
      booktitle={2021 IEEE International Symposium on High Performance Computer Architecture (HPCA)}, 
      year={2021}
}

@inproceedings{wilkening:2021:recssd,
    author = {Wilkening, Mark and Gupta, Udit and Hsia, Samuel and Trippel, Caroline and Wu, Carole-Jean and Brooks, David and Wei, Gu-Yeon},
    title = {{RecSSD}: Near Data Processing for Solid State Drive Based Recommendation Inference},
    year = {2021},
    booktitle = {Proceedings of the 26th ACM International Conference on Architectural Support for Programming Languages and Operating Systems}
}

@INPROCEEDINGS{lui:2021:capacity, 
    author={Lui, Michael and Yetim, Yavuz and Özkan, Özgür and Zhao, Zhuoran and Tsai, Shin-Yeh and Wu, Carole-Jean and Hempstead, Mark},
    booktitle={2021 IEEE International Symposium on Performance Analysis of Systems and Software (ISPASS)},
    title={Understanding Capacity-Driven Scale-Out Neural Recommendation Inference},
    year={2021},
}
@article{wu:2020:mlperfrec,
  author    = {Carole{-}Jean Wu and
               Robin Burke and
               Ed Chi and
               Joseph A. Konstan and
               Julian J. McAuley and
               Yves Raimond and
               Hao Zhang},
  title     = {Developing a Recommendation Benchmark for MLPerf Training and Inference},
  journal   = {CoRR},
  volume    = {abs/2003.07336},
  year      = {2020},
  url       = {https://arxiv.org/abs/2003.07336}
}

@inproceedings{liu2015deep,
  title={Deep learning face attributes in the wild},
  author={Liu, Ziwei and Luo, Ping and Wang, Xiaogang and Tang, Xiaoou},
  booktitle={Proceedings of the IEEE international conference on computer vision},
  pages={3730--3738},
  year={2015}
}

@inproceedings{kim:micro21,
author = {Kim, Young Geun and Wu, Carole-Jean},
title = {{AutoFL}: Enabling Heterogeneity-Aware Energy Efficient Federated Learning},
year = {2021},
booktitle = {MICRO-54: 54th Annual IEEE/ACM International Symposium on Microarchitecture},
keywords = {heterogeneity, Federate learning, energy efficiency, mobile devices, reinforcement learning},
location = {Virtual Event, Greece},
series = {MICRO '21}
}

@misc{nalpasmore,
  title={A more private way to measure ad conversions, the Event Conversion Measurement {API}},
  author={Nalpas, Maud and Dutton, Sam},
  year = 2020,
  month = Oct
}

@article{pfeiffer2021masked,
  title={Masked {LARk}: Masked Learning, Aggregation and Reporting worKflow},
  author={Pfeiffer III, Joseph J and Charles, Denis and Gilton, Davis and Jung, Young Hun and Parsana, Mehul and Anderson, Erik},
  journal={arXiv preprint arXiv:2110.14794},
  year={2021}
}


@inproceedings{ghazi2021deep,
    title={Deep Learning with Label Differential Privacy},
    author={Badih Ghazi and Noah Golowich and Ravi Kumar and Pasin Manurangsi and Chiyuan Zhang},
    booktitle={Advances in Neural Information Processing Systems (NeurIPS)},
    year={2021},
    url={https://openreview.net/forum?id=RYcgfqmAOHh}
}

@inproceedings{malek2021antipodes,
    title={Antipodes of Label Differential Privacy: {PATE} and {ALIBI}},
    author={Mani Malek and Ilya Mironov and Karthik Prasad and Igor Shilov and Florian Tramer},
    booktitle={Advances in Neural Information Processing Systems (NeurIPS)},
    year={2021},
}

@article{geyer2017,
  author    = {Robin C. Geyer and
               Tassilo Klein and
               Moin Nabi},
  title     = {Differentially Private Federated Learning: {A} Client Level Perspective},
  journal   = {CoRR},
  volume    = {abs/1712.07557},
  year      = {2017},
  url       = {http://arxiv.org/abs/1712.07557},
  eprinttype = {arXiv},
  eprint    = {1712.07557},
}

@article{truex2019,
  author    = {Stacey Truex and
               Nathalie Baracaldo and
               Ali Anwar and
               Thomas Steinke and
               Heiko Ludwig and
               Rui Zhang and
               Yi Zhou},
  title     = {A Hybrid Approach to Privacy-Preserving Federated Learning - (Extended Abstract)},
  journal   = {Inform. Spektrum},
  volume    = {42},
  number    = {5},
  pages     = {356--357},
  year      = {2019},
}

@article{vepakomma2018split,
  title={Split learning for health: Distributed deep learning without sharing raw patient data},
  author={Vepakomma, Praneeth and Gupta, Otkrist and Swedish, Tristan and Raskar, Ramesh},
  journal={arXiv preprint arXiv:1812.00564},
  year={2018}
}

@article{poirot2019split,
  title={Split learning for collaborative deep learning in healthcare},
  author={Poirot, Maarten G and Vepakomma, Praneeth and Chang, Ken and Kalpathy-Cramer, Jayashree and Gupta, Rajiv and Raskar, Ramesh},
  journal={arXiv preprint arXiv:1912.12115},
  year={2019}
}

@inproceedings{pasquini2021unleashing,
  title={Unleashing the tiger: Inference attacks on split learning},
  author={Pasquini, Dario and Ateniese, Giuseppe and Bernaschi, Massimo},
  booktitle={Proceedings of the 2021 ACM SIGSAC Conference on Computer and Communications Security},
  pages={2113--2129},
  year={2021}
}

@misc{taobao, 
    author = {Pavan Sabnagapati},
    title = {Ad Display/Click Data on Taobao.com}, 
    url = {https://www.kaggle.com/datasets/pavansanagapati/ad-displayclick-data-on-taobaocom},
    year = 2020
}

@inproceedings{heterofl,
  author    = {Enmao Diao and
               Jie Ding and
               Vahid Tarokh},
  title     = {{HeteroFL}: Computation and Communication Efficient Federated Learning
               for Heterogeneous Clients},
  booktitle = {9th International Conference on Learning Representations, {ICLR} 2021,
               Virtual Event, Austria, May 3-7, 2021},
  publisher = {OpenReview.net},
  year      = {2021},
  url       = {https://openreview.net/forum?id=TNkPBBYFkXg},
  timestamp = {Wed, 23 Jun 2021 17:36:40 +0200},
  biburl    = {https://dblp.org/rec/conf/iclr/Diao0T21.bib},
  bibsource = {dblp computer science bibliography, https://dblp.org}
}

@article{expanding_reach,
  title={Expanding the reach of federated learning by reducing client resource requirements},
  author={Caldas, Sebastian and Kone{\v{c}}ny, Jakub and McMahan, H Brendan and Talwalkar, Ameet},
  journal={arXiv preprint arXiv:1812.07210},
  year={2018}
}

@article{fjord,
  title={{FjORD}: Fair and accurate federated learning under heterogeneous targets with ordered dropout},
  author={Horvath, Samuel and Laskaridis, Stefanos and Almeida, Mario and Leontiadis, Ilias and Venieris, Stylianos and Lane, Nicholas},
  journal={Advances in Neural Information Processing Systems},
  volume={34},
  year={2021}
}

@article{feddf,
  title={Ensemble distillation for robust model fusion in federated learning},
  author={Lin, Tao and Kong, Lingjing and Stich, Sebastian U and Jaggi, Martin},
  journal={Advances in Neural Information Processing Systems},
  volume={33},
  pages={2351--2363},
  year={2020}
}

@article{fedmd,
  title={{FedMD}: Heterogenous federated learning via model distillation},
  author={Li, Daliang and Wang, Junpu},
  journal={arXiv preprint arXiv:1910.03581},
  year={2019}
}

@article{cho2022heterogeneous,
  title={Heterogeneous Ensemble Knowledge Transfer for Training Large Models in Federated Learning},
  author={Cho, Yae Jee and Manoel, Andre and Joshi, Gauri and Sim, Robert and Dimitriadis, Dimitrios},
  journal={arXiv preprint arXiv:2204.12703},
  year={2022}
}

@article{he2020group,
  title={Group knowledge transfer: Federated learning of large {CNNs} at the edge},
  author={He, Chaoyang and Annavaram, Murali and Avestimehr, Salman},
  journal={Advances in Neural Information Processing Systems},
  volume={33},
  pages={14068--14080},
  year={2020}
}

@misc{movielens, 
    author = {Grouplens},
    title = {{MovieLens} {20M} Dataset}, 
    url = {https://grouplens.org/datasets/movielens/20m/},
    year = 2016
}

@inproceedings{secagg2017,
author = {Bonawitz, Keith and Ivanov, Vladimir and Kreuter, Ben and Marcedone, Antonio and McMahan, H. Brendan and Patel, Sarvar and Ramage, Daniel and Segal, Aaron and Seth, Karn},
title = {Practical Secure Aggregation for Privacy-Preserving Machine Learning},
year = {2017},
booktitle = {Proceedings of the 2017 ACM SIGSAC Conference on Computer and Communications Security},
pages = {1175–1191},
}

@inproceedings{mironov2017renyi,
  title={R{\'e}nyi differential privacy},
  author={Mironov, Ilya},
  booktitle={2017 IEEE 30th computer security foundations symposium (CSF)},
  pages={263--275},
  year={2017},
  organization={IEEE}
}

@inproceedings{dwork2006calibrating,
  title={Calibrating noise to sensitivity in private data analysis},
  author={Dwork, Cynthia and McSherry, Frank and Nissim, Kobbi and Smith, Adam},
  booktitle={Theory of Cryptography: Third Theory of Cryptography Conference, TCC 2006, New York, NY, USA, March 4-7, 2006. Proceedings 3},
  pages={265--284},
  year={2006},
  organization={Springer}
}