
@inproceedings{CVC3,
  author    = "Clark Barrett and Cesare Tinelli",
  title     = "{CVC3}",
  annote   = {http://cs.nyu.edu/acsys/cvc3/},	
  booktitle = "Computer Aided Verification (CAV)",
  pages     = "298--302",
  year      = 2007
}


@incollection{smt,
  author    = "Clark Barrett and Roberto Sebastiani and Sanjit A. Seshia and Cesare Tinelli",
  title     = "Satisfiability Modulo Theories",
  booktitle = "Handbook of Satisfiability",
  publisher = "IOS Press",
  volume    = 4,
  chapter   = 8,
  year      = 2009,
}

@misc{smtlib,
  key={SMT-LIB},
  title     = "{SMT-LIB-  The Satisfiability Modulo Theories Library}",
  howpublished   = {http://smt-lib.org/},	
}


@inproceedings{mutation,
 author = {Offutt, A. Jefferson},
 title = {A Practical System for Mutation Testing: Help for the Common Programmer},
 booktitle = {International Conference on Test (ICT)},
 year = {1994},
 isbn = {0-7803-2102-2},
 location = {Washington, D.C.},
 pages = {824--830},
 numpages = {7},
} 


@inproceedings{CVC4,
 author = {Barrett, Clark and Conway, Christopher L. and Deters, Morgan and Hadarean, Liana and Jovanovi\'{c}, Dejan and King, Tim and Reynolds, Andrew and Tinelli, Cesare},
 title = {CVC4},
 booktitle = {23rd International Conference on Computer Aided Verification},
 annote   = {http://cvc4.cs.nyu.edu/web/},
 series = {CAV'11},
 year = {2011},
 isbn = {978-3-642-22109-5},
 location = {Snowbird, UT},
 pages = {171--177},
 numpages = {7},
 acmid = {2032319},
 publisher = {Springer-Verlag},
 address = {Berlin, Heidelberg},
} 


@inproceedings{z3,
  author    = {Leonardo Mendon{\c{c}}a de Moura and
               Nikolaj Bj{\o}rner},
  title     = {{Z3:} An Efficient {SMT} Solver},
  booktitle = {Tools and Algorithms for the Construction and Analysis of Systems
               (TACAS)},
  pages     = {337--340},
  year      = {2008}
}



@inproceedings{mutation1,
 author               = {Javier Tuya and M Jose Suarez-Cabal and Claudio de la Riva},
 booktitle              = {Information and Software Technology},
 pages                = {398-417},
 title                = {Mutating database queries},
 year                 = {2007},
 }


@inproceedings{xdata:icde11,
  author = "Shetal Shah and S. Sudarshan and Suhas Kajbaje and Sandeep Patidar and Bhanu Pratap Gupta and Devang Vira",
  title = "Generating Test Data for Killing {SQL} Mutants: A Constraint-based Approach",
  booktitle = "International Conference on Data Engineering (ICDE)",
  year = 2011
}



@inproceedings{xdata:icde18,
  author    = {Pooja Agrawal and
               Bikash Chandra and
               K. Venkatesh Emani and
               Neha Garg and
               S. Sudarshan},
  title     = {Test Data Generation for Database Applications},
  booktitle = {International Conference on Data Engineering (ICDE)},
  pages     = {1621--1624},
  year      = {2018}
}




@book{dbconcepts2010,
  author = {Abraham Silberschatz and Henry F. Korth and S. Sudarshan},
  title = {Database System Concepts},
  edition = "6th",
  year = 2010,
  publisher = "McGraw Hill"
}


@inproceedings{Riva:2010,
 key={DeLa},
 author = {de la Riva, Claudio and Su\'{a}rez-Cabal, Mar\'{\i}a Jos\'{e} and Tuya, Javier},
 title = {Constraint-based test database generation for {SQL} queries},
 booktitle = {Workshop on Automation of Software Test},
 series = {AST '10},
 year = {2010},
 isbn = {978-1-60558-970-1},
 location = {Cape Town, South Africa},
 pages = {67--74},
 numpages = {8},
 
}



@inproceedings{Tuya:2010,
  author    = {Javier Tuya and
               Mar\'{\i}a Jos{\'e} Su{\'a}rez Cabal and
               Claudio de la Riva},
  title     = "{Full predicate coverage for testing SQL database queries}",
  booktitle   = {Software Testing, Verification \& Reliability (STVR)},
  year      = {2010},
  pages     = {237-288},
  
}

@inproceedings{QEX,
  author    = {Margus Veanes and
               Nikolai Tillmann and
               Jonathan de Halleux},
  title     = "{Qex: Symbolic {SQL} Query Explorer}",
  booktitle = {Logic Programming and Automated Reasoning (LPAR)},
  year      = {2010},
  pages     = {425-446},
  ee        = {http://dx.doi.org/10.1007/978-3-642-17511-4_24},
  
  bibsource = {DBLP, http://dblp.uni-trier.de}
}




@inproceedings{cosette,
  title={{Cosette}: {An Automated Prover} for {SQL}},
  author={Chu, Shumo and Wang, Chenglong and Weitz, Konstantin and Cheung, Alvin},
  booktitle={Conference on Innovative Data Systems Research (CIDR) },
    year={2017},
}


@inproceedings{semantic,
  author    = {Shumo Chu and
               Brendan Murphy and
               Jared Roesch and
               Alvin Cheung and
               Dan Suciu},
  title     = {Axiomatic Foundations and Algorithms for Deciding Semantic Equivalences
               of {SQL} Queries},
  booktitle   = {Proceedings of the VLDB Endowment (PVLDB)},
  volume    = {11},
  number    = {11},
  pages     = {1482--1495},
  year      = {2018}
}



@inproceedings{autograder,
   author = {Singh, Rishabh and Gulwani, Sumit and Solar-Lezama, Armando},
   title = {Automated Feedback Generation for Introductory Programming Assignments},
   booktitle = {ACM SIGPLAN Conference on Programming Language Design and Implementation 
   (PLDI)},
   year = {2013},
   isbn = {978-1-4503-2014-6},
   location = {Seattle, Washington, USA},
   pages = {15--26},
   numpages = {12}
}



@inproceedings{cpsgrader,
 author = {Juniwal, Garvit and Donz{\'e}, Alexandre and Jensen, Jeff C. and Seshia, 
 Sanjit A.},
 title = {{CPSGrader}: Synthesizing Temporal Logic Testers for Auto-grading an Embedded 
 Systems Laboratory},
 booktitle = {International Conference on Embedded Software (EMSOFT)},
 year = {2014}
} 



@inproceedings{sarfgen,
 author = {Wang, Ke and Singh, Rishabh and Su, Zhendong},
 title = {Search, Align, and Repair: Data-driven Feedback Generation for Introductory 
 Programming Exercises},
 booktitle = {ACM SIGPLAN Conference on Programming Language Design and Implementation 
 (PLDI)},
 pages     = {481--495},
 year = {2018},
 isbn = {978-1-4503-5698-5},
 location = {Philadelphia, PA, USA}
 }



@inproceedings{gulwani_cluster,
 author = {Gulwani, Sumit and Radi\v{c}ek, Ivan and Zuleger, Florian},
 title = {Automated Clustering and Program Repair for Introductory Programming 
 Assignments},
 booktitle = {ACM SIGPLAN Conference on Programming Language Design and Implementation 
 (PLDI)},
 year = {2018},
 isbn = {978-1-4503-5698-5},
 location = {Philadelphia, PA, USA},
 pages = {465--480},
 numpages = {16},

} 

@inproceedings{skp,
 author = {Pu, Yewen and Narasimhan, Karthik and Solar-Lezama, Armando and Barzilay, 
 Regina},
 title = {{sk\_p}: A Neural Program Corrector for {MOOCs}},
 booktitle = {ACM SIGPLAN International Conference on Systems, Programming, Languages and 
 Applications: Software for Humanity (SPLASH) (Companion Volume)},
 year = {2016},
 isbn = {978-1-4503-4437-1},
 location = {Amsterdam, Netherlands},
 pages = {39--40},
 numpages = {2},
} 

@article{tableaux,
author    = {Alfred V. Aho and
               Yehoshua Sagiv and
               Jeffrey D. Ullman},
  title     = {Equivalences Among Relational Expressions},
  journal   = {SIAM Journal on Computing (SICOMP)},
  volume    = {8},
  number    = {2},
  pages     = {218--246},
  year      = {1979}
} 

@inproceedings{tableaux2,
  author    = {Yehoshua Sagiv and
               Mihalis Yannakakis},
  title     = {Equivalence among Relational Expressions with the Union and Difference
               Operation},
  booktitle = {International Conference on Very Large Data Bases (VLDB)},
  pages     = {535--548},
  year      = {1978}
}
@inproceedings{tableaux1,
  author    = {Yannis E. Ioannidis and
               Raghu Ramakrishnan},
  title     = {Containment of Conjunctive Queries: Beyond Relations as Sets},
  booktitle   = {ACM Transactions on Database Systems (TODS)},
  volume    = {20},
  number    = {3},
  pages     = {288--324},
  year      = {1995}
}

@misc{gradience,
  key="Gradiance",
  booktitle     = "{Gradiance}",
  note   = "http://www.gradiance.com/db.html (Retrieved on Aug. 1, 2022)",	
  title = "Gradiance: The {Gradiance} service for Database Systems",
 
}





@article{xdata:vldbj15,
  author    = {Bikash Chandra and
               Bhupesh Chawda and
               Biplab Kar and
               K. V. Maheshwara Reddy and
               Shetal Shah and
               S. Sudarshan},
  title     = {Data generation for testing and grading {SQL} queries},
  journal   = {{VLDB} Journal},
  volume    = {24},
  number    = {6},
  pages     = {731--755},
  year      = {2015}
}

@inproceedings{xdata:comad,
  author    = {Bikash Chandra and
               Ananyo Banerjee and
               Udbhas Hazra and
               Mathew Joseph and
               S. Sudarshan},
  title     = {Edit Based Grading of {SQL} Queries},
  booktitle = {{CODS-COMAD} 2021: 8th {ACM} {IKDD} {CODS} and 26th COMAD},
  pages     = {56--64},
  year      = {2021}
}

@inproceedings{xdata:icde15,
  author = "Amol Bhangadiya and Bikash Chandra and Biplab Kar and Bharath Radhakrishnan and K. V. Maheshwara Reddy and Shetal Shah and S. Sudarshan",
  title = "The {XDa-TA} System for Automated Grading of {SQL} Query Assignments",
  booktitle = "International Conference on Data Engineering (ICDE)",
  year = 2015
}

@inproceedings{spes,
  author = "Qi Zhou and Joy Arulraj and Shamkant Navathe and William Harris and Jinpeng Wu",
  title = "{SPES}: A Symbolic Approach to Proving Query Equivalence Under Bag Semantics",
  booktitle = "International Conference on Data Engineering (ICDE)",
  year = 2022
}


@inproceedings{irex,
  author    = {Yihao Hu and
               Zhengjie Miao and
               Zhiming Leong and
               Haechan Lim and
               Zachary Zheng and
               Sudeepa Roy and
               Kristin Stephens{-}Martinez and
               Jun Yang},
  title     = {I-Rex: An Interactive Relational Query Debugger for {SQL}},
  booktitle = {{SIGCSE} 2022: The 53rd {ACM} Technical Symposium on Computer Science
               Education},
  pages     = {1180},
  year      = {2022}
}

@inproceedings{rattest,
  author    = {Zhengjie Miao and
               Sudeepa Roy and
               Jun Yang},
  title     = {Explaining Wrong Queries Using Small Examples},
  booktitle = {{ACM} {SIGMOD} International Conference on 
 Management of Data ({SIGMOD})"},
  pages     = {503--520},
  year      = {2019}
}

@misc{gradescope,
  key="Gradescope",
  booktitle     = "{GradeScope}",
  note   = "https://www.gradescope.com (Retrieved on Aug. 1, 2022)",	
  title = "Gradescope",
 
}

  