@misc{amt,
  title={Amazon Mechanical Turk},
  howpublished = "https://www.mturk.com/",
}

@misc{clean,
  title={},
  howpublished = "https://www.forbes.com/sites/gilpress/2016/03/23/data-preparation-most-time-consuming-least-enjoyable-data-science-task-survey-says/",
}
@inproceedings{DBLP:conf/cvpr/DengDSLL009,
  author    = {Jia Deng and
               Wei Dong and
               Richard Socher and
               Li{-}Jia Li and
               Kai Li and
               Fei{-}Fei Li},
  title     = {ImageNet: {A} large-scale hierarchical image database},
  booktitle = {CVPR 2009},
  pages     = {248--255},
  publisher = {{IEEE} Computer Society},
  year      = {2009},
  url       = {https://doi.org/10.1109/CVPR.2009.5206848},
  doi       = {10.1109/CVPR.2009.5206848},
  timestamp = {Fri, 27 Mar 2020 08:56:42 +0100},
  biburl    = {https://dblp.org/rec/conf/cvpr/DengDSLL009.bib},
  bibsource = {dblp computer science bibliography, https://dblp.org}
}


@inproceedings{DBLP:imagenet,
  author    = {Jia Deng and
               Wei Dong and
               Richard Socher and
               Li{-}Jia Li and
               Kai Li and
               Fei{-}Fei Li},
  title     = {ImageNet: {A} large-scale hierarchical image database},
  booktitle = {2009 {IEEE} Computer Society Conference on Computer Vision and Pattern
               Recognition {(CVPR} 2009), 20-25 June 2009, Miami, Florida, {USA}},
  pages     = {248--255},
  publisher = {{IEEE} Computer Society},
  year      = {2009},
  url       = {https://doi.org/10.1109/CVPR.2009.5206848},
  doi       = {10.1109/CVPR.2009.5206848},
  timestamp = {Fri, 27 Mar 2020 08:56:42 +0100},
  biburl    = {https://dblp.org/rec/conf/cvpr/DengDSLL009.bib},
  bibsource = {dblp computer science bibliography, https://dblp.org}
}

@inproceedings{DBLP:faitcrowd,
  author    = {Fenglong Ma and
               Yaliang Li and
               Qi Li and
               Minghui Qiu and
               Jing Gao and
               Shi Zhi and
               Lu Su and
               Bo Zhao and
               Heng Ji and
               Jiawei Han},
  editor    = {Longbing Cao and
               Chengqi Zhang and
               Thorsten Joachims and
               Geoffrey I. Webb and
               Dragos D. Margineantu and
               Graham Williams},
  title     = {FaitCrowd: Fine Grained Truth Discovery for Crowdsourced Data Aggregation},
  booktitle = {Proceedings of the 21th {ACM} {SIGKDD} International Conference on
               Knowledge Discovery and Data Mining, Sydney, NSW, Australia, August
               10-13, 2015},
  pages     = {745--754},
  publisher = {{ACM}},
  year      = {2015},
  url       = {https://doi.org/10.1145/2783258.2783314},
  doi       = {10.1145/2783258.2783314},
  timestamp = {Wed, 26 Jun 2019 07:55:17 +0200},
  biburl    = {https://dblp.org/rec/conf/kdd/MaLLQGZSZJH15.bib},
  bibsource = {dblp computer science bibliography, https://dblp.org}
}

@inproceedings{DBLP:conf/nips/WhitehillRWBM09,
  author    = {Jacob Whitehill and
               Paul Ruvolo and
               Tingfan Wu and
               Jacob Bergsma and
               Javier R. Movellan},
  editor    = {Yoshua Bengio and
               Dale Schuurmans and
               John D. Lafferty and
               Christopher K. I. Williams and
               Aron Culotta},
  title     = {Whose Vote Should Count More: Optimal Integration of Labels from Labelers
               of Unknown Expertise},
  booktitle = {Advances in Neural Information Processing Systems 22: 23rd Annual
               Conference on Neural Information Processing Systems 2009. Proceedings
               of a meeting held 7-10 December 2009, Vancouver, British Columbia,
               Canada},
  pages     = {2035--2043},
  publisher = {Curran Associates, Inc.},
  year      = {2009},
  url       = {http://papers.nips.cc/paper/3644-whose-vote-should-count-more-optimal-integration-of-labels-from-labelers-of-unknown-expertise},
  timestamp = {Fri, 06 Mar 2020 16:57:40 +0100},
  biburl    = {https://dblp.org/rec/conf/nips/WhitehillRWBM09.bib},
  bibsource = {dblp computer science bibliography, https://dblp.org}
}


@inproceedings{DBLP:icrowd,
  author    = {Ju Fan and
               Guoliang Li and
               Beng Chin Ooi and
               Kian{-}Lee Tan and
               Jianhua Feng},
  editor    = {Timos K. Sellis and
               Susan B. Davidson and
               Zachary G. Ives},
  title     = {iCrowd: An Adaptive Crowdsourcing Framework},
  booktitle = {Proceedings of the 2015 {ACM} {SIGMOD} International Conference on
               Management of Data, Melbourne, Victoria, Australia, May 31 - June
               4, 2015},
  pages     = {1015--1030},
  publisher = {{ACM}},
  year      = {2015},
  url       = {https://doi.org/10.1145/2723372.2750550},
  doi       = {10.1145/2723372.2750550},
  timestamp = {Tue, 06 Nov 2018 11:07:39 +0100},
  biburl    = {https://dblp.org/rec/conf/sigmod/FanLOTF15.bib},
  bibsource = {dblp computer science bibliography, https://dblp.org}
}

@article{DBLP:docs,
  author    = {Yudian Zheng and
               Guoliang Li and
               Reynold Cheng},
  title     = {{DOCS:} Domain-Aware Crowdsourcing System},
  journal   = {Proc. {VLDB} Endow.},
  volume    = {10},
  number    = {4},
  pages     = {361--372},
  year      = {2016},
  url       = {http://www.vldb.org/pvldb/vol10/p361-zheng.pdf},
  doi       = {10.14778/3025111.3025118},
  timestamp = {Sat, 25 Apr 2020 13:59:14 +0200},
  biburl    = {https://dblp.org/rec/journals/pvldb/ZhengLC16.bib},
  bibsource = {dblp computer science bibliography, https://dblp.org}
}


@inproceedings{DBLP:conf/aaai/AydinYLLGD14,
  author    = {Bahadir Ismail Aydin and
               Yavuz Selim Yilmaz and
               Yaliang Li and
               Qi Li and
               Jing Gao and
               Murat Demirbas},
  editor    = {Carla E. Brodley and
               Peter Stone},
  title     = {Crowdsourcing for Multiple-Choice Question Answering},
  booktitle = {Proceedings of the Twenty-Eighth {AAAI} Conference on Artificial Intelligence,
               July 27 -31, 2014, Qu{\'{e}}bec City, Qu{\'{e}}bec, Canada},
  pages     = {2946--2953},
  publisher = {{AAAI} Press},
  year      = {2014},
  url       = {http://www.aaai.org/ocs/index.php/IAAI/IAAI14/paper/view/8634},
  timestamp = {Fri, 12 Jul 2019 14:49:32 +0200},
  biburl    = {https://dblp.org/rec/conf/aaai/AydinYLLGD14.bib},
  bibsource = {dblp computer science bibliography, https://dblp.org}
}

@inproceedings{DBLP:zencrowd,
  author    = {Gianluca Demartini and
               Djellel Eddine Difallah and
               Philippe Cudr{\'{e}}{-}Mauroux},
  editor    = {Alain Mille and
               Fabien L. Gandon and
               Jacques Misselis and
               Michael Rabinovich and
               Steffen Staab},
  title     = {ZenCrowd: leveraging probabilistic reasoning and crowdsourcing techniques
               for large-scale entity linking},
  booktitle = {Proceedings of the 21st World Wide Web Conference 2012, {WWW} 2012,
               Lyon, France, April 16-20, 2012},
  pages     = {469--478},
  publisher = {{ACM}},
  year      = {2012},
  url       = {https://doi.org/10.1145/2187836.2187900},
  doi       = {10.1145/2187836.2187900},
  timestamp = {Sat, 19 Oct 2019 20:10:36 +0200},
  biburl    = {https://dblp.org/rec/conf/www/DemartiniDC12.bib},
  bibsource = {dblp computer science bibliography, https://dblp.org}
}

@inproceedings{DBLP:conf/nips/LiuPI12,
  author    = {Qiang Liu and
               Jian Peng and
               Alexander T. Ihler},
  editor    = {Peter L. Bartlett and
               Fernando C. N. Pereira and
               Christopher J. C. Burges and
               L{\'{e}}on Bottou and
               Kilian Q. Weinberger},
  title     = {Variational Inference for Crowdsourcing},
  booktitle = {Advances in Neural Information Processing Systems 25: 26th Annual
               Conference on Neural Information Processing Systems 2012. Proceedings
               of a meeting held December 3-6, 2012, Lake Tahoe, Nevada, United States},
  pages     = {701--709},
  year      = {2012},
  url       = {http://papers.nips.cc/paper/4627-variational-inference-for-crowdsourcing},
  timestamp = {Fri, 06 Mar 2020 16:57:04 +0100},
  biburl    = {https://dblp.org/rec/conf/nips/LiuPI12.bib},
  bibsource = {dblp computer science bibliography, https://dblp.org}
}

@inproceedings{DBLP:conf/www/VenanziGKKS14,
  author    = {Matteo Venanzi and
               John Guiver and
               Gabriella Kazai and
               Pushmeet Kohli and
               Milad Shokouhi},
  editor    = {Chin{-}Wan Chung and
               Andrei Z. Broder and
               Kyuseok Shim and
               Torsten Suel},
  title     = {Community-based bayesian aggregation models for crowdsourcing},
  booktitle = {23rd International World Wide Web Conference, {WWW} '14, Seoul, Republic
               of Korea, April 7-11, 2014},
  pages     = {155--164},
  publisher = {{ACM}},
  year      = {2014},
  url       = {https://doi.org/10.1145/2566486.2567989},
  doi       = {10.1145/2566486.2567989},
  timestamp = {Tue, 06 Nov 2018 16:57:08 +0100},
  biburl    = {https://dblp.org/rec/conf/www/VenanziGKKS14.bib},
  bibsource = {dblp computer science bibliography, https://dblp.org}
}

@inproceedings{DBLP:journals/jmlr/KimG12,
  author    = {Hyun{-}Chul Kim and
               Zoubin Ghahramani},
  editor    = {Neil D. Lawrence and
               Mark A. Girolami},
  title     = {Bayesian Classifier Combination},
  booktitle = {Proceedings of the Fifteenth International Conference on Artificial
               Intelligence and Statistics, {AISTATS} 2012, La Palma, Canary Islands,
               Spain, April 21-23, 2012},
  series    = {{JMLR} Proceedings},
  volume    = {22},
  pages     = {619--627},
  publisher = {JMLR.org},
  year      = {2012},
  url       = {http://proceedings.mlr.press/v22/kim12.html},
  timestamp = {Wed, 29 May 2019 08:41:48 +0200},
  biburl    = {https://dblp.org/rec/journals/jmlr/KimG12.bib},
  bibsource = {dblp computer science bibliography, https://dblp.org}
}

@article{raykar2010learning,
  title={Learning from crowds.},
  author={Raykar, Vikas C and Yu, Shipeng and Zhao, Linda H and Valadez, Gerardo Hermosillo and Florin, Charles and Bogoni, Luca and Moy, Linda},
  journal={Journal of Machine Learning Research},
  volume={11},
  number={4},
  year={2010}
}

@inproceedings{welinder2010multidimensional,
  title={The multidimensional wisdom of crowds},
  author={Welinder, Peter and Branson, Steve and Perona, Pietro and Belongie, Serge J},
  booktitle={Advances in neural information processing systems},
  pages={2424--2432},
  year={2010}
}

@inproceedings{DBLP:conf/kdd/JoglekarGP13,
  author    = {Manas Joglekar and
               Hector Garcia{-}Molina and
               Aditya G. Parameswaran},
  editor    = {Inderjit S. Dhillon and
               Yehuda Koren and
               Rayid Ghani and
               Ted E. Senator and
               Paul Bradley and
               Rajesh Parekh and
               Jingrui He and
               Robert L. Grossman and
               Ramasamy Uthurusamy},
  title     = {Evaluating the crowd with confidence},
  booktitle = {The 19th {ACM} {SIGKDD} International Conference on Knowledge Discovery
               and Data Mining, {KDD} 2013, Chicago, IL, USA, August 11-14, 2013},
  pages     = {686--694},
  publisher = {{ACM}},
  year      = {2013},
  url       = {https://doi.org/10.1145/2487575.2487595},
  doi       = {10.1145/2487575.2487595},
  timestamp = {Tue, 06 Nov 2018 16:59:35 +0100},
  biburl    = {https://dblp.org/rec/conf/kdd/JoglekarGP13.bib},
  bibsource = {dblp computer science bibliography, https://dblp.org}
}


@article{DBLP:journals/pvldb/LiLGSZDFH14,
  author    = {Qi Li and
               Yaliang Li and
               Jing Gao and
               Lu Su and
               Bo Zhao and
               Murat Demirbas and
               Wei Fan and
               Jiawei Han},
  title     = {A Confidence-Aware Approach for Truth Discovery on Long-Tail Data},
  journal   = {Proc. {VLDB} Endow.},
  volume    = {8},
  number    = {4},
  pages     = {425--436},
  year      = {2014},
  url       = {http://www.vldb.org/pvldb/vol8/p425-li.pdf},
  doi       = {10.14778/2735496.2735505},
  timestamp = {Sat, 25 Apr 2020 13:58:56 +0200},
  biburl    = {https://dblp.org/rec/journals/pvldb/LiLGSZDFH14.bib},
  bibsource = {dblp computer science bibliography, https://dblp.org}
}


@inproceedings{DBLP:conf/nips/KargerOS11,
  author    = {David R. Karger and
               Sewoong Oh and
               Devavrat Shah},
  editor    = {John Shawe{-}Taylor and
               Richard S. Zemel and
               Peter L. Bartlett and
               Fernando C. N. Pereira and
               Kilian Q. Weinberger},
  title     = {Iterative Learning for Reliable Crowdsourcing Systems},
  booktitle = {Advances in Neural Information Processing Systems 24: 25th Annual
               Conference on Neural Information Processing Systems 2011. Proceedings
               of a meeting held 12-14 December 2011, Granada, Spain},
  pages     = {1953--1961},
  year      = {2011},
  url       = {http://papers.nips.cc/paper/4396-iterative-learning-for-reliable-crowdsourcing-systems},
  timestamp = {Fri, 06 Mar 2020 16:56:57 +0100},
  biburl    = {https://dblp.org/rec/conf/nips/KargerOS11.bib},
  bibsource = {dblp computer science bibliography, https://dblp.org}
}

@inproceedings{DBLP:conf/sigmod/LiLGZFH14,
  author    = {Qi Li and
               Yaliang Li and
               Jing Gao and
               Bo Zhao and
               Wei Fan and
               Jiawei Han},
  editor    = {Curtis E. Dyreson and
               Feifei Li and
               M. Tamer {\"{O}}zsu},
  title     = {Resolving conflicts in heterogeneous data by truth discovery and source
               reliability estimation},
  booktitle = {International Conference on Management of Data, {SIGMOD} 2014, Snowbird,
               UT, USA, June 22-27, 2014},
  pages     = {1187--1198},
  publisher = {{ACM}},
  year      = {2014},
  url       = {https://doi.org/10.1145/2588555.2610509},
  doi       = {10.1145/2588555.2610509},
  timestamp = {Wed, 26 Jun 2019 07:53:11 +0200},
  biburl    = {https://dblp.org/rec/conf/sigmod/LiLGZFH14.bib},
  bibsource = {dblp computer science bibliography, https://dblp.org}
}

@inproceedings{DBLP:conf/nips/ZhouPBM12,
  author    = {Dengyong Zhou and
               John C. Platt and
               Sumit Basu and
               Yi Mao},
  editor    = {Peter L. Bartlett and
               Fernando C. N. Pereira and
               Christopher J. C. Burges and
               L{\'{e}}on Bottou and
               Kilian Q. Weinberger},
  title     = {Learning from the Wisdom of Crowds by Minimax Entropy},
  booktitle = {Advances in Neural Information Processing Systems 25: 26th Annual
               Conference on Neural Information Processing Systems 2012. Proceedings
               of a meeting held December 3-6, 2012, Lake Tahoe, Nevada, United States},
  pages     = {2204--2212},
  year      = {2012},
  url       = {http://papers.nips.cc/paper/4490-learning-from-the-wisdom-of-crowds-by-minimax-entropy},
  timestamp = {Fri, 06 Mar 2020 16:58:15 +0100},
  biburl    = {https://dblp.org/rec/conf/nips/ZhouPBM12.bib},
  bibsource = {dblp computer science bibliography, https://dblp.org}
}

@inproceedings{DBLP:conf/sigmod/FranklinKKRX11,
  author    = {Michael J. Franklin and
               Donald Kossmann and
               Tim Kraska and
               Sukriti Ramesh and
               Reynold Xin},
  editor    = {Timos K. Sellis and
               Ren{\'{e}}e J. Miller and
               Anastasios Kementsietsidis and
               Yannis Velegrakis},
  title     = {CrowdDB: answering queries with crowdsourcing},
  booktitle = {Proceedings of the {ACM} {SIGMOD} International Conference on Management
               of Data, {SIGMOD} 2011, Athens, Greece, June 12-16, 2011},
  pages     = {61--72},
  publisher = {{ACM}},
  year      = {2011},
  url       = {https://doi.org/10.1145/1989323.1989331},
  doi       = {10.1145/1989323.1989331},
  timestamp = {Tue, 06 Nov 2018 11:07:38 +0100},
  biburl    = {https://dblp.org/rec/conf/sigmod/FranklinKKRX11.bib},
  bibsource = {dblp computer science bibliography, https://dblp.org}
}

@inproceedings{DBLP:conf/cikm/ParameswaranPGPW12,
  author    = {Aditya G. Parameswaran and
               Hyunjung Park and
               Hector Garcia{-}Molina and
               Neoklis Polyzotis and
               Jennifer Widom},
  editor    = {Xue{-}wen Chen and
               Guy Lebanon and
               Haixun Wang and
               Mohammed J. Zaki},
  title     = {Deco: declarative crowdsourcing},
  booktitle = {21st {ACM} International Conference on Information and Knowledge Management,
               CIKM'12, Maui, HI, USA, October 29 - November 02, 2012},
  pages     = {1203--1212},
  publisher = {{ACM}},
  year      = {2012},
  url       = {https://doi.org/10.1145/2396761.2398421},
  doi       = {10.1145/2396761.2398421},
  timestamp = {Tue, 06 Nov 2018 16:57:52 +0100},
  biburl    = {https://dblp.org/rec/conf/cikm/ParameswaranPGPW12.bib},
  bibsource = {dblp computer science bibliography, https://dblp.org}
}

@article{DBLP:journals/pvldb/CaoSTC12,
  author    = {Caleb Chen Cao and
               Jieying She and
               Yongxin Tong and
               Lei Chen},
  title     = {Whom to Ask? Jury Selection for Decision Making Tasks on Micro-blog
               Services},
  journal   = {Proc. {VLDB} Endow.},
  volume    = {5},
  number    = {11},
  pages     = {1495--1506},
  year      = {2012},
  url       = {http://vldb.org/pvldb/vol5/p1495\_calebchencao\_vldb2012.pdf},
  doi       = {10.14778/2350229.2350264},
  timestamp = {Sat, 25 Apr 2020 13:59:03 +0200},
  biburl    = {https://dblp.org/rec/journals/pvldb/CaoSTC12.bib},
  bibsource = {dblp computer science bibliography, https://dblp.org}
}

@inproceedings{DBLP:conf/edbt/ZhengCMM15,
  author    = {Yudian Zheng and
               Reynold Cheng and
               Silviu Maniu and
               Luyi Mo},
  editor    = {Gustavo Alonso and
               Floris Geerts and
               Lucian Popa and
               Pablo Barcel{\'{o}} and
               Jens Teubner and
               Mart{\'{\i}}n Ugarte and
               Jan Van den Bussche and
               Jan Paredaens},
  title     = {On Optimality of Jury Selection in Crowdsourcing},
  booktitle = {Proceedings of the 18th International Conference on Extending Database
               Technology, {EDBT} 2015, Brussels, Belgium, March 23-27, 2015},
  pages     = {193--204},
  publisher = {OpenProceedings.org},
  year      = {2015},
  url       = {https://doi.org/10.5441/002/edbt.2015.18},
  doi       = {10.5441/002/edbt.2015.18},
  timestamp = {Mon, 25 Dec 2017 02:18:30 +0100},
  biburl    = {https://dblp.org/rec/conf/edbt/ZhengCMM15.bib},
  bibsource = {dblp computer science bibliography, https://dblp.org}
}

@article{DBLP:cdas,
  author    = {Xuan Liu and
               Meiyu Lu and
               Beng Chin Ooi and
               Yanyan Shen and
               Sai Wu and
               Meihui Zhang},
  title     = {{CDAS:} {A} Crowdsourcing Data Analytics System},
  journal   = {Proc. {VLDB} Endow.},
  volume    = {5},
  number    = {10},
  pages     = {1040--1051},
  year      = {2012},
  url       = {http://vldb.org/pvldb/vol5/p1040\_xuanliu\_vldb2012.pdf},
  doi       = {10.14778/2336664.2336676},
  timestamp = {Sat, 25 Apr 2020 13:59:26 +0200},
  biburl    = {https://dblp.org/rec/journals/pvldb/LiuLOSWZ12.bib},
  bibsource = {dblp computer science bibliography, https://dblp.org}
}

@inproceedings{DBLP:conf/icde/BoimGMNPT12,
  author    = {Rubi Boim and
               Ohad Greenshpan and
               Tova Milo and
               Slava Novgorodov and
               Neoklis Polyzotis and
               Wang Chiew Tan},
  editor    = {Anastasios Kementsietsidis and
               Marcos Antonio Vaz Salles},
  title     = {Asking the Right Questions in Crowd Data Sourcing},
  booktitle = {{IEEE} 28th International Conference on Data Engineering {(ICDE} 2012),
               Washington, DC, {USA} (Arlington, Virginia), 1-5 April, 2012},
  pages     = {1261--1264},
  publisher = {{IEEE} Computer Society},
  year      = {2012},
  url       = {https://doi.org/10.1109/ICDE.2012.122},
  doi       = {10.1109/ICDE.2012.122},
  timestamp = {Wed, 16 Oct 2019 14:14:56 +0200},
  biburl    = {https://dblp.org/rec/conf/icde/BoimGMNPT12.bib},
  bibsource = {dblp computer science bibliography, https://dblp.org}
}

@inproceedings{DBLP:conf/edbt/ZhaoWZCN15,
  author    = {Zhou Zhao and
               Furu Wei and
               Ming Zhou and
               Weikeng Chen and
               Wilfred Ng},
  editor    = {Gustavo Alonso and
               Floris Geerts and
               Lucian Popa and
               Pablo Barcel{\'{o}} and
               Jens Teubner and
               Mart{\'{\i}}n Ugarte and
               Jan Van den Bussche and
               Jan Paredaens},
  title     = {Crowd-Selection Query Processing in Crowdsourcing Databases: {A} Task-Driven
               Approach},
  booktitle = {Proceedings of the 18th International Conference on Extending Database
               Technology, {EDBT} 2015, Brussels, Belgium, March 23-27, 2015},
  pages     = {397--408},
  publisher = {OpenProceedings.org},
  year      = {2015},
  url       = {https://doi.org/10.5441/002/edbt.2015.35},
  doi       = {10.5441/002/edbt.2015.35},
  timestamp = {Mon, 25 Dec 2017 02:18:30 +0100},
  biburl    = {https://dblp.org/rec/conf/edbt/ZhaoWZCN15.bib},
  bibsource = {dblp computer science bibliography, https://dblp.org}
}

@inproceedings{DBLP:conf/kdd/ZhaoYNG13,
  author    = {Zhou Zhao and
               Da Yan and
               Wilfred Ng and
               Shi Gao},
  editor    = {Inderjit S. Dhillon and
               Yehuda Koren and
               Rayid Ghani and
               Ted E. Senator and
               Paul Bradley and
               Rajesh Parekh and
               Jingrui He and
               Robert L. Grossman and
               Ramasamy Uthurusamy},
  title     = {A transfer learning based framework of crowd-selection on twitter},
  booktitle = {The 19th {ACM} {SIGKDD} International Conference on Knowledge Discovery
               and Data Mining, {KDD} 2013, Chicago, IL, USA, August 11-14, 2013},
  pages     = {1514--1517},
  publisher = {{ACM}},
  year      = {2013},
  url       = {https://doi.org/10.1145/2487575.2487708},
  doi       = {10.1145/2487575.2487708},
  timestamp = {Tue, 17 Mar 2020 14:51:53 +0100},
  biburl    = {https://dblp.org/rec/conf/kdd/ZhaoYNG13.bib},
  bibsource = {dblp computer science bibliography, https://dblp.org}
}

@inproceedings{DBLP:conf/icml/HoJV13,
  author    = {Chien{-}Ju Ho and
               Shahin Jabbari and
               Jennifer Wortman Vaughan},
  title     = {Adaptive Task Assignment for Crowdsourced Classification},
  booktitle = {Proceedings of the 30th International Conference on Machine Learning,
               {ICML} 2013, Atlanta, GA, USA, 16-21 June 2013},
  series    = {{JMLR} Workshop and Conference Proceedings},
  volume    = {28},
  pages     = {534--542},
  publisher = {JMLR.org},
  year      = {2013},
  url       = {http://proceedings.mlr.press/v28/ho13.html},
  timestamp = {Wed, 29 May 2019 08:41:45 +0200},
  biburl    = {https://dblp.org/rec/conf/icml/HoJV13.bib},
  bibsource = {dblp computer science bibliography, https://dblp.org}
}

@inproceedings{DBLP:conf/ijcai/ZhongTZ15,
  author    = {Jinhong Zhong and
               Ke Tang and
               Zhi{-}Hua Zhou},
  editor    = {Qiang Yang and
               Michael J. Wooldridge},
  title     = {Active Learning from Crowds with Unsure Option},
  booktitle = {Proceedings of the Twenty-Fourth International Joint Conference on
               Artificial Intelligence, {IJCAI} 2015, Buenos Aires, Argentina, July
               25-31, 2015},
  pages     = {1061--1068},
  publisher = {{AAAI} Press},
  year      = {2015},
  url       = {http://ijcai.org/Abstract/15/154},
  timestamp = {Tue, 20 Aug 2019 16:17:03 +0200},
  biburl    = {https://dblp.org/rec/conf/ijcai/ZhongTZ15.bib},
  bibsource = {dblp computer science bibliography, https://dblp.org}
}

@article{DBLP:journals/pvldb/MozafariSFJM14,
  author    = {Barzan Mozafari and
               Purnamrita Sarkar and
               Michael J. Franklin and
               Michael I. Jordan and
               Samuel Madden},
  title     = {Scaling Up Crowd-Sourcing to Very Large Datasets: {A} Case for Active
               Learning},
  journal   = {Proc. {VLDB} Endow.},
  volume    = {8},
  number    = {2},
  pages     = {125--136},
  year      = {2014},
  url       = {http://www.vldb.org/pvldb/vol8/p125-Mozafari.pdf},
  doi       = {10.14778/2735471.2735474},
  timestamp = {Mon, 15 Jun 2020 16:56:23 +0200},
  biburl    = {https://dblp.org/rec/journals/pvldb/MozafariSFJM14.bib},
  bibsource = {dblp computer science bibliography, https://dblp.org}
}

@article{DBLP:crowder,
  author    = {Jiannan Wang and
               Tim Kraska and
               Michael J. Franklin and
               Jianhua Feng},
  title     = {CrowdER: Crowdsourcing Entity Resolution},
  journal   = {Proc. {VLDB} Endow.},
  volume    = {5},
  number    = {11},
  pages     = {1483--1494},
  year      = {2012},
  url       = {http://vldb.org/pvldb/vol5/p1483\_jiannanwang\_vldb2012.pdf},
  doi       = {10.14778/2350229.2350263},
  timestamp = {Sat, 25 Apr 2020 13:59:33 +0200},
  biburl    = {https://dblp.org/rec/journals/pvldb/WangKFF12.bib},
  bibsource = {dblp computer science bibliography, https://dblp.org}
}

@inproceedings{DBLP:transitivity,
  author    = {Jiannan Wang and
               Guoliang Li and
               Tim Kraska and
               Michael J. Franklin and
               Jianhua Feng},
  editor    = {Kenneth A. Ross and
               Divesh Srivastava and
               Dimitris Papadias},
  title     = {Leveraging transitive relations for crowdsourced joins},
  booktitle = {Proceedings of the {ACM} {SIGMOD} International Conference on Management
               of Data, {SIGMOD} 2013, New York, NY, USA, June 22-27, 2013},
  pages     = {229--240},
  publisher = {{ACM}},
  year      = {2013},
  url       = {https://doi.org/10.1145/2463676.2465280},
  doi       = {10.1145/2463676.2465280},
  timestamp = {Tue, 06 Nov 2018 11:07:40 +0100},
  biburl    = {https://dblp.org/rec/conf/sigmod/WangLKFF13.bib},
  bibsource = {dblp computer science bibliography, https://dblp.org}
}

@article{DBLP:journals/vldb/ChaiLLDF18,
  author    = {Chengliang Chai and
               Guoliang Li and
               Jian Li and
               Dong Deng and
               Jianhua Feng},
  title     = {A partial-order-based framework for cost-effective crowdsourced entity
               resolution},
  journal   = {{VLDB} J.},
  volume    = {27},
  number    = {6},
  pages     = {745--770},
  year      = {2018},
  url       = {https://doi.org/10.1007/s00778-018-0509-6},
  doi       = {10.1007/s00778-018-0509-6},
  timestamp = {Tue, 12 May 2020 17:15:19 +0200},
  biburl    = {https://dblp.org/rec/journals/vldb/ChaiLLDF18.bib},
  bibsource = {dblp computer science bibliography, https://dblp.org}
}

@inproceedings{DBLP:conf/sigmod/ChaiLLDF16,
  author    = {Chengliang Chai and
               Guoliang Li and
               Jian Li and
               Dong Deng and
               Jianhua Feng},
  editor    = {Fatma {\"{O}}zcan and
               Georgia Koutrika and
               Sam Madden},
  title     = {Cost-Effective Crowdsourced Entity Resolution: {A} Partial-Order Approach},
  booktitle = {Proceedings of the 2016 International Conference on Management of
               Data, {SIGMOD} Conference 2016, San Francisco, CA, USA, June 26 -
               July 01, 2016},
  pages     = {969--984},
  publisher = {{ACM}},
  year      = {2016},
  url       = {https://doi.org/10.1145/2882903.2915252},
  doi       = {10.1145/2882903.2915252},
  timestamp = {Tue, 12 May 2020 17:15:21 +0200},
  biburl    = {https://dblp.org/rec/conf/sigmod/ChaiLLDF16.bib},
  bibsource = {dblp computer science bibliography, https://dblp.org}
}

@inproceedings{DBLP:conf/mobisys/YanKG10,
  author    = {Tingxin Yan and
               Vikas Kumar and
               Deepak Ganesan},
  editor    = {Sujata Banerjee and
               Srinivasan Keshav and
               Alec Wolman},
  title     = {CrowdSearch: exploiting crowds for accurate real-time image search
               on mobile phones},
  booktitle = {Proceedings of the 8th International Conference on Mobile Systems,
               Applications, and Services (MobiSys 2010), San Francisco, California,
               USA, June 15-18, 2010},
  pages     = {77--90},
  publisher = {{ACM}},
  year      = {2010},
  url       = {https://doi.org/10.1145/1814433.1814443},
  doi       = {10.1145/1814433.1814443},
  timestamp = {Tue, 06 Nov 2018 16:59:04 +0100},
  biburl    = {https://dblp.org/rec/conf/mobisys/YanKG10.bib},
  bibsource = {dblp computer science bibliography, https://dblp.org}
}

@inproceedings{DBLP:conf/sigmod/GuoPG12,
  author    = {Stephen Guo and
               Aditya G. Parameswaran and
               Hector Garcia{-}Molina},
  editor    = {K. Sel{\c{c}}uk Candan and
               Yi Chen and
               Richard T. Snodgrass and
               Luis Gravano and
               Ariel Fuxman},
  title     = {So who won?: dynamic max discovery with the crowd},
  booktitle = {Proceedings of the {ACM} {SIGMOD} International Conference on Management
               of Data, {SIGMOD} 2012, Scottsdale, AZ, USA, May 20-24, 2012},
  pages     = {385--396},
  publisher = {{ACM}},
  year      = {2012},
  url       = {https://doi.org/10.1145/2213836.2213880},
  doi       = {10.1145/2213836.2213880},
  timestamp = {Tue, 06 Nov 2018 11:07:39 +0100},
  biburl    = {https://dblp.org/rec/conf/sigmod/GuoPG12.bib},
  bibsource = {dblp computer science bibliography, https://dblp.org}
}

@inproceedings{DBLP:conf/sigmod/LiZ018,
  author    = {Kaiyu Li and
               Xiaohang Zhang and
               Guoliang Li},
  editor    = {Gautam Das and
               Christopher M. Jermaine and
               Philip A. Bernstein},
  title     = {A Rating-Ranking Method for Crowdsourced Top-k Computation},
  booktitle = {Proceedings of the 2018 International Conference on Management of
               Data, {SIGMOD} Conference 2018, Houston, TX, USA, June 10-15, 2018},
  pages     = {975--990},
  publisher = {{ACM}},
  year      = {2018},
  url       = {https://doi.org/10.1145/3183713.3183762},
  doi       = {10.1145/3183713.3183762},
  timestamp = {Wed, 21 Nov 2018 12:44:08 +0100},
  biburl    = {https://dblp.org/rec/conf/sigmod/LiZ018.bib},
  bibsource = {dblp computer science bibliography, https://dblp.org}
}
@article{DBLP:journals/pvldb/ParameswaranSGPW11,
  author    = {Aditya G. Parameswaran and
               Anish Das Sarma and
               Hector Garcia{-}Molina and
               Neoklis Polyzotis and
               Jennifer Widom},
  title     = {Human-assisted graph search: it's okay to ask questions},
  journal   = {Proc. {VLDB} Endow.},
  volume    = {4},
  number    = {5},
  pages     = {267--278},
  year      = {2011},
  url       = {https://doi.org/10.14778/1952376.1952377},
  doi       = {10.14778/1952376.1952377},
  timestamp = {Sat, 25 Apr 2020 13:59:21 +0200},
  biburl    = {https://dblp.org/rec/journals/pvldb/ParameswaranSGPW11.bib},
  bibsource = {dblp computer science bibliography, https://dblp.org}
}

@article{DBLP:journals/pvldb/KaplanLMN13,
  author    = {Haim Kaplan and
               Ilia Lotosh and
               Tova Milo and
               Slava Novgorodov},
  title     = {Answering Planning Queries with the Crowd},
  journal   = {Proc. {VLDB} Endow.},
  volume    = {6},
  number    = {9},
  pages     = {697--708},
  year      = {2013},
  url       = {http://www.vldb.org/pvldb/vol6/p697-milo.pdf},
  doi       = {10.14778/2536360.2536369},
  timestamp = {Sat, 25 Apr 2020 13:59:12 +0200},
  biburl    = {https://dblp.org/rec/journals/pvldb/KaplanLMN13.bib},
  bibsource = {dblp computer science bibliography, https://dblp.org}
}

@article{DBLP:journals/pvldb/ZhangTC14,
  author    = {Chen Jason Zhang and
               Yongxin Tong and
               Lei Chen},
  title     = {Where To: Crowd-Aided Path Selection},
  journal   = {Proc. {VLDB} Endow.},
  volume    = {7},
  number    = {14},
  pages     = {2005--2016},
  year      = {2014},
  url       = {http://www.vldb.org/pvldb/vol7/p2005-zhang.pdf},
  doi       = {10.14778/2733085.2733105},
  timestamp = {Sat, 25 Apr 2020 13:59:26 +0200},
  biburl    = {https://dblp.org/rec/journals/pvldb/ZhangTC14.bib},
  bibsource = {dblp computer science bibliography, https://dblp.org}
}

@inproceedings{DBLP:conf/sigmod/AmsterdamerDMNS14,
  author    = {Yael Amsterdamer and
               Susan B. Davidson and
               Tova Milo and
               Slava Novgorodov and
               Amit Somech},
  editor    = {Curtis E. Dyreson and
               Feifei Li and
               M. Tamer {\"{O}}zsu},
  title     = {{OASSIS:} query driven crowd mining},
  booktitle = {International Conference on Management of Data, {SIGMOD} 2014, Snowbird,
               UT, USA, June 22-27, 2014},
  pages     = {589--600},
  publisher = {{ACM}},
  year      = {2014},
  url       = {https://doi.org/10.1145/2588555.2610514},
  doi       = {10.1145/2588555.2610514},
  timestamp = {Tue, 06 Nov 2018 11:07:37 +0100},
  biburl    = {https://dblp.org/rec/conf/sigmod/AmsterdamerDMNS14.bib},
  bibsource = {dblp computer science bibliography, https://dblp.org}
}

@article{DBLP:journals/pvldb/0002KMMO12,
  author    = {Adam Marcus and
               David R. Karger and
               Samuel Madden and
               Rob Miller and
               Sewoong Oh},
  title     = {Counting with the Crowd},
  journal   = {Proc. {VLDB} Endow.},
  volume    = {6},
  number    = {2},
  pages     = {109--120},
  year      = {2012},
  url       = {http://www.vldb.org/pvldb/vol6/p109-marcus.pdf},
  doi       = {10.14778/2535568.2448944},
  timestamp = {Sat, 25 Apr 2020 13:59:25 +0200},
  biburl    = {https://dblp.org/rec/journals/pvldb/0002KMMO12.bib},
  bibsource = {dblp computer science bibliography, https://dblp.org}
}

@inproceedings{DBLP:conf/sigmod/WangKFGKM14,
  author    = {Jiannan Wang and
               Sanjay Krishnan and
               Michael J. Franklin and
               Ken Goldberg and
               Tim Kraska and
               Tova Milo},
  editor    = {Curtis E. Dyreson and
               Feifei Li and
               M. Tamer {\"{O}}zsu},
  title     = {A sample-and-clean framework for fast and accurate query processing
               on dirty data},
  booktitle = {International Conference on Management of Data, {SIGMOD} 2014, Snowbird,
               UT, USA, June 22-27, 2014},
  pages     = {469--480},
  publisher = {{ACM}},
  year      = {2014},
  url       = {https://doi.org/10.1145/2588555.2610505},
  doi       = {10.1145/2588555.2610505},
  timestamp = {Wed, 14 Nov 2018 10:56:19 +0100},
  biburl    = {https://dblp.org/rec/conf/sigmod/WangKFGKM14.bib},
  bibsource = {dblp computer science bibliography, https://dblp.org}
}


@inproceedings{DBLP:conf/icde/SarmaPGH14,
  author    = {Anish Das Sarma and
               Aditya G. Parameswaran and
               Hector Garcia{-}Molina and
               Alon Y. Halevy},
  editor    = {Isabel F. Cruz and
               Elena Ferrari and
               Yufei Tao and
               Elisa Bertino and
               Goce Trajcevski},
  title     = {Crowd-powered find algorithms},
  booktitle = {{IEEE} 30th International Conference on Data Engineering, Chicago,
               {ICDE} 2014, IL, USA, March 31 - April 4, 2014},
  pages     = {964--975},
  publisher = {{IEEE} Computer Society},
  year      = {2014},
  url       = {https://doi.org/10.1109/ICDE.2014.6816715},
  doi       = {10.1109/ICDE.2014.6816715},
  timestamp = {Wed, 16 Oct 2019 14:14:56 +0200},
  biburl    = {https://dblp.org/rec/conf/icde/SarmaPGH14.bib},
  bibsource = {dblp computer science bibliography, https://dblp.org}
}

@inproceedings{DBLP:conf/sigmod/VerroiosLG15,
  author    = {Vasilis Verroios and
               Peter Lofgren and
               Hector Garcia{-}Molina},
  editor    = {Timos K. Sellis and
               Susan B. Davidson and
               Zachary G. Ives},
  title     = {tDP: An Optimal-Latency Budget Allocation Strategy for Crowdsourced
               {MAXIMUM} Operations},
  booktitle = {Proceedings of the 2015 {ACM} {SIGMOD} International Conference on
               Management of Data, Melbourne, Victoria, Australia, May 31 - June
               4, 2015},
  pages     = {1047--1062},
  publisher = {{ACM}},
  year      = {2015},
  url       = {https://doi.org/10.1145/2723372.2749440},
  doi       = {10.1145/2723372.2749440},
  timestamp = {Tue, 06 Nov 2018 11:07:39 +0100},
  biburl    = {https://dblp.org/rec/conf/sigmod/VerroiosLG15.bib},
  bibsource = {dblp computer science bibliography, https://dblp.org}
}
@inproceedings{DBLP:conf/sigmod/VerroiosLG15,
  author    = {Vasilis Verroios and
               Peter Lofgren and
               Hector Garcia{-}Molina},
  editor    = {Timos K. Sellis and
               Susan B. Davidson and
               Zachary G. Ives},
  title     = {tDP: An Optimal-Latency Budget Allocation Strategy for Crowdsourced
               {MAXIMUM} Operations},
  booktitle = {Proceedings of the 2015 {ACM} {SIGMOD} International Conference on
               Management of Data, Melbourne, Victoria, Australia, May 31 - June
               4, 2015},
  pages     = {1047--1062},
  publisher = {{ACM}},
  year      = {2015},
  url       = {https://doi.org/10.1145/2723372.2749440},
  doi       = {10.1145/2723372.2749440},
  timestamp = {Tue, 06 Nov 2018 11:07:39 +0100},
  biburl    = {https://dblp.org/rec/conf/sigmod/VerroiosLG15.bib},
  bibsource = {dblp computer science bibliography, https://dblp.org}
}

@inproceedings{DBLP:conf/aaai/FaradaniHI11,
  author    = {Siamak Faradani and
               Bjoern Hartmann and
               Panagiotis G. Ipeirotis},
  title     = {What's the Right Price? Pricing Tasks for Finishing on Time},
  booktitle = {Human Computation, Papers from the 2011 {AAAI} Workshop, San Francisco,
               California, USA, August 8, 2011},
  series    = {{AAAI} Workshops},
  volume    = {{WS-11-11}},
  publisher = {{AAAI}},
  year      = {2011},
  url       = {http://www.aaai.org/ocs/index.php/WS/AAAIW11/paper/view/3994},
  timestamp = {Tue, 21 Feb 2012 18:11:17 +0100},
  biburl    = {https://dblp.org/rec/conf/aaai/FaradaniHI11.bib},
  bibsource = {dblp computer science bibliography, https://dblp.org}
}

@techreport{settles2009active,
  title={Active learning literature survey},
  author={Settles, Burr},
  year={2009},
  institution={University of Wisconsin-Madison Department of Computer Sciences}
}

@book{DBLP:reference/sp/2015rsh,
  editor    = {Francesco Ricci and
               Lior Rokach and
               Bracha Shapira},
  title     = {Recommender Systems Handbook},
  publisher = {Springer},
  year      = {2015},
  url       = {https://doi.org/10.1007/978-1-4899-7637-6},
  doi       = {10.1007/978-1-4899-7637-6},
  isbn      = {978-1-4899-7636-9},
  timestamp = {Mon, 15 Jun 2020 16:59:54 +0200},
  biburl    = {https://dblp.org/rec/reference/sp/2015rsh.bib},
  bibsource = {dblp computer science bibliography, https://dblp.org}
}


@inproceedings{DBLP:conf/emnlp/SettlesC08,
  author    = {Burr Settles and
               Mark Craven},
  title     = {An Analysis of Active Learning Strategies for Sequence Labeling Tasks},
  booktitle = {2008 Conference on Empirical Methods in Natural Language Processing,
               {EMNLP} 2008, Proceedings of the Conference, 25-27 October 2008, Honolulu,
               Hawaii, USA, {A} meeting of SIGDAT, a Special Interest Group of the
               {ACL}},
  pages     = {1070--1079},
  publisher = {{ACL}},
  year      = {2008},
  url       = {https://www.aclweb.org/anthology/D08-1112/},
  timestamp = {Fri, 13 Sep 2019 13:08:45 +0200},
  biburl    = {https://dblp.org/rec/conf/emnlp/SettlesC08.bib},
  bibsource = {dblp computer science bibliography, https://dblp.org}
}

@inproceedings{DBLP:conf/ecir/XuAZ07,
  author    = {Zuobing Xu and
               Ram Akella and
               Yi Zhang},
  editor    = {Giambattista Amati and
               Claudio Carpineto and
               Giovanni Romano},
  title     = {Incorporating Diversity and Density in Active Learning for Relevance
               Feedback},
  booktitle = {Advances in Information Retrieval, 29th European Conference on {IR}
               Research, {ECIR} 2007, Rome, Italy, April 2-5, 2007, Proceedings},
  series    = {Lecture Notes in Computer Science},
  volume    = {4425},
  pages     = {246--257},
  publisher = {Springer},
  year      = {2007},
  url       = {https://doi.org/10.1007/978-3-540-71496-5\_24},
  doi       = {10.1007/978-3-540-71496-5\_24},
  timestamp = {Tue, 14 May 2019 10:00:37 +0200},
  biburl    = {https://dblp.org/rec/conf/ecir/XuAZ07.bib},
  bibsource = {dblp computer science bibliography, https://dblp.org}
}

@inproceedings{DBLP:conf/icml/RoyM01,
  author    = {Nicholas Roy and
               Andrew McCallum},
  editor    = {Carla E. Brodley and
               Andrea Pohoreckyj Danyluk},
  title     = {Toward Optimal Active Learning through Sampling Estimation of Error
               Reduction},
  booktitle = {Proceedings of the Eighteenth International Conference on Machine
               Learning {(ICML} 2001), Williams College, Williamstown, MA, USA, June
               28 - July 1, 2001},
  pages     = {441--448},
  publisher = {Morgan Kaufmann},
  year      = {2001},
  timestamp = {Wed, 27 Nov 2002 10:53:35 +0100},
  biburl    = {https://dblp.org/rec/conf/icml/RoyM01.bib},
  bibsource = {dblp computer science bibliography, https://dblp.org}
}

@inproceedings{DBLP:conf/nips/SettlesCR07,
  author    = {Burr Settles and
               Mark Craven and
               Soumya Ray},
  editor    = {John C. Platt and
               Daphne Koller and
               Yoram Singer and
               Sam T. Roweis},
  title     = {Multiple-Instance Active Learning},
  booktitle = {Advances in Neural Information Processing Systems 20, Proceedings
               of the Twenty-First Annual Conference on Neural Information Processing
               Systems, Vancouver, British Columbia, Canada, December 3-6, 2007},
  pages     = {1289--1296},
  publisher = {Curran Associates, Inc.},
  year      = {2007},
  url       = {http://papers.nips.cc/paper/3252-multiple-instance-active-learning},
  timestamp = {Fri, 06 Mar 2020 16:58:22 +0100},
  biburl    = {https://dblp.org/rec/conf/nips/SettlesCR07.bib},
  bibsource = {dblp computer science bibliography, https://dblp.org}
}

@inproceedings{DBLP:conf/colt/SeungOS92,
  author    = {H. Sebastian Seung and
               Manfred Opper and
               Haim Sompolinsky},
  editor    = {David Haussler},
  title     = {Query by Committee},
  booktitle = {Proceedings of the Fifth Annual {ACM} Conference on Computational
               Learning Theory, {COLT} 1992, Pittsburgh, PA, USA, July 27-29, 1992},
  pages     = {287--294},
  publisher = {{ACM}},
  year      = {1992},
  url       = {https://doi.org/10.1145/130385.130417},
  doi       = {10.1145/130385.130417},
  timestamp = {Tue, 06 Nov 2018 16:59:06 +0100},
  biburl    = {https://dblp.org/rec/conf/colt/SeungOS92.bib},
  bibsource = {dblp computer science bibliography, https://dblp.org}
}

@inproceedings{DBLP:conf/sigir/LewisG94,
  author    = {David D. Lewis and
               William A. Gale},
  editor    = {W. Bruce Croft and
               C. J. van Rijsbergen},
  title     = {A Sequential Algorithm for Training Text Classifiers},
  booktitle = {Proceedings of the 17th Annual International {ACM-SIGIR} Conference
               on Research and Development in Information Retrieval. Dublin, Ireland,
               3-6 July 1994 (Special Issue of the {SIGIR} Forum)},
  pages     = {3--12},
  publisher = {ACM/Springer},
  year      = {1994},
  url       = {https://doi.org/10.1007/978-1-4471-2099-5\_1},
  doi       = {10.1007/978-1-4471-2099-5\_1},
  timestamp = {Thu, 25 Jul 2019 17:43:05 +0200},
  biburl    = {https://dblp.org/rec/conf/sigir/LewisG94.bib},
  bibsource = {dblp computer science bibliography, https://dblp.org}
}

@inproceedings{DBLP:conf/aaai/MitchellCHTBCMG15,
  author    = {Tom M. Mitchell et.al.},
  editor    = {Blai Bonet and
               Sven Koenig},
  title     = {Never-Ending Learning},
  booktitle = {Proceedings of the Twenty-Ninth {AAAI} Conference on Artificial Intelligence,
               January 25-30, 2015, Austin, Texas, {USA}},
  pages     = {2302--2310},
  publisher = {{AAAI} Press},
  year      = {2015},
  url       = {http://www.aaai.org/ocs/index.php/AAAI/AAAI15/paper/view/10049},
  timestamp = {Fri, 05 Apr 2019 07:29:46 +0200},
  biburl    = {https://dblp.org/rec/conf/aaai/MitchellCHTBCMG15.bib},
  bibsource = {dblp computer science bibliography, https://dblp.org}
}

@inproceedings{DBLP:conf/acl/MintzBSJ09,
  author    = {Mike Mintz and
               Steven Bills and
               Rion Snow and
               Daniel Jurafsky},
  editor    = {Keh{-}Yih Su and
               Jian Su and
               Janyce Wiebe},
  title     = {Distant supervision for relation extraction without labeled data},
  booktitle = {{ACL} 2009, Proceedings of the 47th Annual Meeting of the Association
               for Computational Linguistics and the 4th International Joint Conference
               on Natural Language Processing of the AFNLP, 2-7 August 2009, Singapore},
  pages     = {1003--1011},
  publisher = {The Association for Computer Linguistics},
  year      = {2009},
  url       = {https://www.aclweb.org/anthology/P09-1113/},
  timestamp = {Fri, 13 Sep 2019 13:00:42 +0200},
  biburl    = {https://dblp.org/rec/conf/acl/MintzBSJ09.bib},
  bibsource = {dblp computer science bibliography, https://dblp.org}
}

@inproceedings{DBLP:conf/nips/RatnerSWSR16,
  author    = {Alexander J. Ratner and
               Christopher De Sa and
               Sen Wu and
               Daniel Selsam and
               Christopher R{\'{e}}},
  editor    = {Daniel D. Lee and
               Masashi Sugiyama and
               Ulrike von Luxburg and
               Isabelle Guyon and
               Roman Garnett},
  title     = {Data Programming: Creating Large Training Sets, Quickly},
  booktitle = {Advances in Neural Information Processing Systems 29: Annual Conference
               on Neural Information Processing Systems 2016, December 5-10, 2016,
               Barcelona, Spain},
  pages     = {3567--3575},
  year      = {2016},
  url       = {http://papers.nips.cc/paper/6523-data-programming-creating-large-training-sets-quickly},
  timestamp = {Fri, 06 Mar 2020 17:00:15 +0100},
  biburl    = {https://dblp.org/rec/conf/nips/RatnerSWSR16.bib},
  bibsource = {dblp computer science bibliography, https://dblp.org}
}

@article{DBLP:journals/vldb/RatnerBEFWR20,
  author    = {Alexander Ratner and
               Stephen H. Bach and
               Henry R. Ehrenberg and
               Jason A. Fries and
               Sen Wu and
               Christopher R{\'{e}}},
  title     = {Snorkel: rapid training data creation with weak supervision},
  journal   = {{VLDB} J.},
  volume    = {29},
  number    = {2-3},
  pages     = {709--730},
  year      = {2020},
  url       = {https://doi.org/10.1007/s00778-019-00552-1},
  doi       = {10.1007/s00778-019-00552-1},
  timestamp = {Mon, 06 Jul 2020 16:47:48 +0200},
  biburl    = {https://dblp.org/rec/journals/vldb/RatnerBEFWR20.bib},
  bibsource = {dblp computer science bibliography, https://dblp.org}
}


@inproceedings{DBLP:conf/sigmod/Zhang0RCN16,
  author    = {Ce Zhang and
               Jaeho Shin and
               Christopher R{\'{e}} and
               Michael J. Cafarella and
               Feng Niu},
  editor    = {Fatma {\"{O}}zcan and
               Georgia Koutrika and
               Sam Madden},
  title     = {Extracting Databases from Dark Data with DeepDive},
  booktitle = {Proceedings of the 2016 International Conference on Management of
               Data, {SIGMOD} Conference 2016, San Francisco, CA, USA, June 26 -
               July 01, 2016},
  pages     = {847--859},
  publisher = {{ACM}},
  year      = {2016},
  url       = {https://doi.org/10.1145/2882903.2904442},
  doi       = {10.1145/2882903.2904442},
  timestamp = {Wed, 14 Nov 2018 10:56:20 +0100},
  biburl    = {https://dblp.org/rec/conf/sigmod/Zhang0RCN16.bib},
  bibsource = {dblp computer science bibliography, https://dblp.org}
}

@inproceedings{DBLP:conf/acl/LiRC11,
  author    = {Yunyao Li and
               Frederick Reiss and
               Laura Chiticariu},
  title     = {SystemT: {A} Declarative Information Extraction System},
  booktitle = {The 49th Annual Meeting of the Association for Computational Linguistics:
               Human Language Technologies, Proceedings of the Conference, 19-24
               June, 2011, Portland, Oregon, {USA} - System Demonstrations},
  pages     = {109--114},
  publisher = {The Association for Computer Linguistics},
  year      = {2011},
  url       = {https://www.aclweb.org/anthology/P11-4019/},
  timestamp = {Wed, 18 Sep 2019 12:15:54 +0200},
  biburl    = {https://dblp.org/rec/conf/acl/LiRC11.bib},
  bibsource = {dblp computer science bibliography, https://dblp.org}
}


@inproceedings{DBLP:conf/wsdm/NakasholeTW11,
  author    = {Ndapandula Nakashole and
               Martin Theobald and
               Gerhard Weikum},
  editor    = {Irwin King and
               Wolfgang Nejdl and
               Hang Li},
  title     = {Scalable knowledge harvesting with high precision and high recall},
  booktitle = {Proceedings of the Forth International Conference on Web Search and
               Web Data Mining, {WSDM} 2011, Hong Kong, China, February 9-12, 2011},
  pages     = {227--236},
  publisher = {{ACM}},
  year      = {2011},
  url       = {https://doi.org/10.1145/1935826.1935869},
  doi       = {10.1145/1935826.1935869},
  timestamp = {Tue, 21 May 2019 11:38:33 +0200},
  biburl    = {https://dblp.org/rec/conf/wsdm/NakasholeTW11.bib},
  bibsource = {dblp computer science bibliography, https://dblp.org}
}

@article{DBLP:journals/pvldb/ZhangCJC13,
  author    = {Chen Jason Zhang and
               Lei Chen and
               H. V. Jagadish and
               Caleb Chen Cao},
  title     = {Reducing Uncertainty of Schema Matching via Crowdsourcing},
  journal   = {Proc. {VLDB} Endow.},
  volume    = {6},
  number    = {9},
  pages     = {757--768},
  year      = {2013},
  url       = {http://www.vldb.org/pvldb/vol6/p757-zhang.pdf},
  doi       = {10.14778/2536360.2536374},
  timestamp = {Sat, 25 Apr 2020 13:59:14 +0200},
  biburl    = {https://dblp.org/rec/journals/pvldb/ZhangCJC13.bib},
  bibsource = {dblp computer science bibliography, https://dblp.org}
}

@inproceedings{DBLP:conf/icde/FanLOTZ14,
  author    = {Ju Fan and
               Meiyu Lu and
               Beng Chin Ooi and
               Wang{-}Chiew Tan and
               Meihui Zhang},
  editor    = {Isabel F. Cruz and
               Elena Ferrari and
               Yufei Tao and
               Elisa Bertino and
               Goce Trajcevski},
  title     = {A hybrid machine-crowdsourcing system for matching web tables},
  booktitle = {{IEEE} 30th International Conference on Data Engineering, Chicago,
               {ICDE} 2014, IL, USA, March 31 - April 4, 2014},
  pages     = {976--987},
  publisher = {{IEEE} Computer Society},
  year      = {2014},
  url       = {https://doi.org/10.1109/ICDE.2014.6816716},
  doi       = {10.1109/ICDE.2014.6816716},
  timestamp = {Wed, 16 Oct 2019 14:14:56 +0200},
  biburl    = {https://dblp.org/rec/conf/icde/FanLOTZ14.bib},
  bibsource = {dblp computer science bibliography, https://dblp.org}
}
@inproceedings{DBLP:conf/cikm/YalavarthiKK17,
  author    = {Vijaya Krishna Yalavarthi and
               Xiangyu Ke and
               Arijit Khan},
  editor    = {Ee{-}Peng Lim and
               Marianne Winslett and
               Mark Sanderson and
               Ada Wai{-}Chee Fu and
               Jimeng Sun and
               J. Shane Culpepper and
               Eric Lo and
               Joyce C. Ho and
               Debora Donato and
               Rakesh Agrawal and
               Yu Zheng and
               Carlos Castillo and
               Aixin Sun and
               Vincent S. Tseng and
               Chenliang Li},
  title     = {Select Your Questions Wisely: For Entity Resolution With Crowd Errors},
  booktitle = {Proceedings of the 2017 {ACM} on Conference on Information and Knowledge
               Management, {CIKM} 2017, Singapore, November 06 - 10, 2017},
  pages     = {317--326},
  publisher = {{ACM}},
  year      = {2017},
  url       = {https://doi.org/10.1145/3132847.3132876},
  doi       = {10.1145/3132847.3132876},
  timestamp = {Tue, 06 Nov 2018 16:57:52 +0100},
  biburl    = {https://dblp.org/rec/conf/cikm/YalavarthiKK17.bib},
  bibsource = {dblp computer science bibliography, https://dblp.org}
}

@inproceedings{DBLP:conf/sigmod/WangXL15,
  author    = {Sibo Wang and
               Xiaokui Xiao and
               Chun{-}Hee Lee},
  editor    = {Timos K. Sellis and
               Susan B. Davidson and
               Zachary G. Ives},
  title     = {Crowd-Based Deduplication: An Adaptive Approach},
  booktitle = {Proceedings of the 2015 {ACM} {SIGMOD} International Conference on
               Management of Data, Melbourne, Victoria, Australia, May 31 - June
               4, 2015},
  pages     = {1263--1277},
  publisher = {{ACM}},
  year      = {2015},
  url       = {https://doi.org/10.1145/2723372.2723739},
  doi       = {10.1145/2723372.2723739},
  timestamp = {Sat, 19 Oct 2019 20:14:57 +0200},
  biburl    = {https://dblp.org/rec/conf/sigmod/WangXL15.bib},
  bibsource = {dblp computer science bibliography, https://dblp.org}
}

@article{DBLP:journals/pvldb/ChuOMIP0Y15,
  author    = {Xu Chu and
               Mourad Ouzzani and
               John Morcos and
               Ihab F. Ilyas and
               Paolo Papotti and
               Nan Tang and
               Yin Ye},
  title     = {{KATARA:} Reliable Data Cleaning with Knowledge Bases and Crowdsourcing},
  journal   = {Proc. {VLDB} Endow.},
  volume    = {8},
  number    = {12},
  pages     = {1952--1955},
  year      = {2015},
  url       = {http://www.vldb.org/pvldb/vol8/p1952-chu.pdf},
  doi       = {10.14778/2824032.2824109},
  timestamp = {Sat, 25 Apr 2020 13:59:04 +0200},
  biburl    = {https://dblp.org/rec/journals/pvldb/ChuOMIP0Y15.bib},
  bibsource = {dblp computer science bibliography, https://dblp.org}
}

@inproceedings{DBLP:conf/sigmod/ChaiC00LM20,
  author    = {Chengliang Chai and
               Lei Cao and
               Guoliang Li and
               Jian Li and
               Yuyu Luo and
               Samuel Madden},
  editor    = {David Maier and
               Rachel Pottinger and
               AnHai Doan and
               Wang{-}Chiew Tan and
               Abdussalam Alawini and
               Hung Q. Ngo},
  title     = {Human-in-the-loop Outlier Detection},
  booktitle = {Proceedings of the 2020 International Conference on Management of
               Data, {SIGMOD} Conference 2020, online conference [Portland, OR, USA],
               June 14-19, 2020},
  pages     = {19--33},
  publisher = {{ACM}},
  year      = {2020},
  url       = {https://doi.org/10.1145/3318464.3389772},
  doi       = {10.1145/3318464.3389772},
  timestamp = {Fri, 21 Aug 2020 17:36:54 +0200},
  biburl    = {https://dblp.org/rec/conf/sigmod/ChaiC00LM20.bib},
  bibsource = {dblp computer science bibliography, https://dblp.org}
}


@article{DBLP:journals/corr/abs-1711-01299,
  author    = {Sanjay Krishnan and
               Michael J. Franklin and
               Ken Goldberg and
               Eugene Wu},
  title     = {BoostClean: Automated Error Detection and Repair for Machine Learning},
  journal   = {CoRR},
  volume    = {abs/1711.01299},
  year      = {2017},
  url       = {http://arxiv.org/abs/1711.01299},
  archivePrefix = {arXiv},
  eprint    = {1711.01299},
  timestamp = {Mon, 13 Aug 2018 16:46:36 +0200},
  biburl    = {https://dblp.org/rec/journals/corr/abs-1711-01299.bib},
  bibsource = {dblp computer science bibliography, https://dblp.org}
}

@inproceedings{DBLP:conf/sigmod/KrishnanFGWW16,
  author    = {Sanjay Krishnan and
               Michael J. Franklin and
               Ken Goldberg and
               Jiannan Wang and
               Eugene Wu},
  editor    = {Fatma {\"{O}}zcan and
               Georgia Koutrika and
               Sam Madden},
  title     = {ActiveClean: An Interactive Data Cleaning Framework For Modern Machine
               Learning},
  booktitle = {Proceedings of the 2016 International Conference on Management of
               Data, {SIGMOD} Conference 2016, San Francisco, CA, USA, June 26 -
               July 01, 2016},
  pages     = {2117--2120},
  publisher = {{ACM}},
  year      = {2016},
  url       = {https://doi.org/10.1145/2882903.2899409},
  doi       = {10.1145/2882903.2899409},
  timestamp = {Wed, 14 Nov 2018 10:56:20 +0100},
  biburl    = {https://dblp.org/rec/conf/sigmod/KrishnanFGWW16.bib},
  bibsource = {dblp computer science bibliography, https://dblp.org}
}

@article{DBLP:journals/pvldb/DolatshahTWP18,
  author    = {Mohamad Dolatshah and
               Mathew Teoh and
               Jiannan Wang and
               Jian Pei},
  title     = {Cleaning Crowdsourced Labels Using Oracles For Statistical Classification},
  journal   = {Proc. {VLDB} Endow.},
  volume    = {12},
  number    = {4},
  pages     = {376--389},
  year      = {2018},
  url       = {http://www.vldb.org/pvldb/vol12/p376-dolatshah.pdf},
  doi       = {10.14778/3297753.3297758},
  timestamp = {Sat, 25 Apr 2020 13:59:06 +0200},
  biburl    = {https://dblp.org/rec/journals/pvldb/DolatshahTWP18.bib},
  bibsource = {dblp computer science bibliography, https://dblp.org}
}

@inproceedings{DBLP:conf/icde/LiWZF17,
  author    = {Guoliang Li and
               Jiannan Wang and
               Yudian Zheng and
               Michael J. Franklin},
  title     = {Crowdsourced Data Management: {A} Survey},
  booktitle = {33rd {IEEE} International Conference on Data Engineering, {ICDE} 2017,
               San Diego, CA, USA, April 19-22, 2017},
  pages     = {39--40},
  publisher = {{IEEE} Computer Society},
  year      = {2017},
  url       = {https://doi.org/10.1109/ICDE.2017.26},
  doi       = {10.1109/ICDE.2017.26},
  timestamp = {Wed, 16 Oct 2019 14:14:56 +0200},
  biburl    = {https://dblp.org/rec/conf/icde/LiWZF17.bib},
  bibsource = {dblp computer science bibliography, https://dblp.org}
}

@article{DBLP:journals/pvldb/MozafariSFJM14,
  author    = {Barzan Mozafari and
               Purnamrita Sarkar and
               Michael J. Franklin and
               Michael I. Jordan and
               Samuel Madden},
  title     = {Scaling Up Crowd-Sourcing to Very Large Datasets: {A} Case for Active
               Learning},
  journal   = {Proc. {VLDB} Endow.},
  volume    = {8},
  number    = {2},
  pages     = {125--136},
  year      = {2014},
  url       = {http://www.vldb.org/pvldb/vol8/p125-Mozafari.pdf},
  doi       = {10.14778/2735471.2735474},
  timestamp = {Mon, 15 Jun 2020 16:56:23 +0200},
  biburl    = {https://dblp.org/rec/journals/pvldb/MozafariSFJM14.bib},
  bibsource = {dblp computer science bibliography, https://dblp.org}
}

@inproceedings{DBLP:conf/sigmod/Ehrenberg0RFR16,
  author    = {Henry R. Ehrenberg and
               Jaeho Shin and
               Alexander J. Ratner and
               Jason A. Fries and
               Christopher R{\'{e}}},
  editor    = {Carsten Binnig and
               Alan Fekete and
               Arnab Nandi},
  title     = {Data programming with DDLite: putting humans in a different part of
               the loop},
  booktitle = {Proceedings of the Workshop on Human-In-the-Loop Data Analytics, HILDA@SIGMOD
               2016, San Francisco, CA, USA, June 26 - July 01, 2016},
  pages     = {13},
  publisher = {{ACM}},
  year      = {2016},
  url       = {https://doi.org/10.1145/2939502.2939515},
  doi       = {10.1145/2939502.2939515},
  timestamp = {Tue, 06 Nov 2018 11:07:38 +0100},
  biburl    = {https://dblp.org/rec/conf/sigmod/Ehrenberg0RFR16.bib},
  bibsource = {dblp computer science bibliography, https://dblp.org}
}

@inproceedings{DBLP:conf/sigmod/YakoutGCC12,
  author    = {Mohamed Yakout and
               Kris Ganjam and
               Kaushik Chakrabarti and
               Surajit Chaudhuri},
  editor    = {K. Sel{\c{c}}uk Candan and
               Yi Chen and
               Richard T. Snodgrass and
               Luis Gravano and
               Ariel Fuxman},
  title     = {InfoGather: entity augmentation and attribute discovery by holistic
               matching with web tables},
  booktitle = {Proceedings of the {ACM} {SIGMOD} International Conference on Management
               of Data, {SIGMOD} 2012, Scottsdale, AZ, USA, May 20-24, 2012},
  pages     = {97--108},
  publisher = {{ACM}},
  year      = {2012},
  url       = {https://doi.org/10.1145/2213836.2213848},
  doi       = {10.1145/2213836.2213848},
  timestamp = {Tue, 06 Nov 2018 11:07:38 +0100},
  biburl    = {https://dblp.org/rec/conf/sigmod/YakoutGCC12.bib},
  bibsource = {dblp computer science bibliography, https://dblp.org}
}

@inproceedings{DBLP:conf/sigmod/HalevyKNOPRW16,
  author    = {Alon Y. Halevy and
               Flip Korn and
               Natalya Fridman Noy and
               Christopher Olston and
               Neoklis Polyzotis and
               Sudip Roy and
               Steven Euijong Whang},
  editor    = {Fatma {\"{O}}zcan and
               Georgia Koutrika and
               Sam Madden},
  title     = {Goods: Organizing Google's Datasets},
  booktitle = {Proceedings of the 2016 International Conference on Management of
               Data, {SIGMOD} Conference 2016, San Francisco, CA, USA, June 26 -
               July 01, 2016},
  pages     = {795--806},
  publisher = {{ACM}},
  year      = {2016},
  url       = {https://doi.org/10.1145/2882903.2903730},
  doi       = {10.1145/2882903.2903730},
  timestamp = {Wed, 14 Nov 2018 10:56:20 +0100},
  biburl    = {https://dblp.org/rec/conf/sigmod/HalevyKNOPRW16.bib},
  bibsource = {dblp computer science bibliography, https://dblp.org}
}

