@inproceedings{you2021graph,
  title={Graph contrastive learning automated},
  author={You, Yuning and Chen, Tianlong and Shen, Yang and Wang, Zhangyang},
  booktitle={International Conference on Machine Learning},
  pages={12121--12132},
  year={2021},
  organization={PMLR}
}
@inproceedings{you2022bringing,
  title={Bringing your own view: Graph contrastive learning without prefabricated data augmentations},
  author={You, Yuning and Chen, Tianlong and Wang, Zhangyang and Shen, Yang},
  booktitle={Proceedings of the Fifteenth ACM International Conference on Web Search and Data Mining},
  pages={1300--1309},
  year={2022}
}
@article{lee2022m,
  title={I'm Me, We're Us, and I'm Us: Tri-directional Contrastive Learning on Hypergraphs},
  author={Lee, Dongjin and Shin, Kijung},
  journal={arXiv preprint arXiv:2206.04739},
  year={2022}
}
@article{song2023chgnn,
  title={CHGNN: A Semi-Supervised Contrastive Hypergraph Learning Network},
  author={Song, Yumeng and Gu, Yu and Li, Tianyi and Qi, Jianzhong and Liu, Zhenghao and Jensen, Christian S and Yu, Ge},
  journal={arXiv preprint arXiv:2303.06213},
  year={2023}
}
@article{du2021hypergraph,
  title={Hypergraph Pre-training with Graph Neural Networks},
  author={Du, Boxin and Yuan, Changhe and Barton, Robert and Neiman, Tal and Tong, Hanghang},
  journal={arXiv preprint arXiv:2105.10862},
  year={2021}
}
@inproceedings{xia2021self,
  title={Self-supervised hypergraph convolutional networks for session-based recommendation},
  author={Xia, Xin and Yin, Hongzhi and Yu, Junliang and Wang, Qinyong and Cui, Lizhen and Zhang, Xiangliang},
  booktitle={Proceedings of the AAAI Conference on Artificial Intelligence},
  volume={35},
  number={5},
  pages={4503--4511},
  year={2021}
}
@inproceedings{yu2021self,
  title={Self-supervised multi-channel hypergraph convolutional network for social recommendation},
  author={Yu, Junliang and Yin, Hongzhi and Li, Jundong and Wang, Qinyong and Hung, Nguyen Quoc Viet and Zhang, Xiangliang},
  booktitle={Proceedings of the Web Conference 2021},
  pages={413--424},
  year={2021}
}
@inproceedings{cai2022hypergraph,
  title={Hypergraph Contrastive Learning for Electronic Health Records},
  author={Cai, Derun and Sun, Chenxi and Song, Moxian and Zhang, Baofeng and Hong, Shenda and Li, Hongyan},
  booktitle={Proceedings of the 2022 SIAM International Conference on Data Mining (SDM)},
  pages={127--135},
  year={2022},
  organization={SIAM}
}
@article{xia2022hypergraph,
  title={Hypergraph Contrastive Collaborative Filtering},
  author={Xia, Lianghao and Huang, Chao and Xu, Yong and Zhao, Jiashu and Yin, Dawei and Huang, Jimmy Xiangji},
  journal={arXiv preprint arXiv:2204.12200},
  year={2022}
}
@article{chien2021you,
  title={You are AllSet: A Multiset Function Framework for Hypergraph Neural Networks},
  author={Chien, Eli and Pan, Chao and Peng, Jianhao and Milenkovic, Olgica},
  journal={ICLR},
  year={2022}
}
@article{yadati2019hypergcn,
  title={Hypergcn: A new method for training graph convolutional networks on hypergraphs},
  author={Yadati, Naganand and Nimishakavi, Madhav and Yadav, Prateek and Nitin, Vikram and Louis, Anand and Talukdar, Partha},
  journal={Advances in neural information processing systems},
  volume={32},
  year={2019}
}
@inproceedings{feng2019hypergraph,
  title={Hypergraph neural networks},
  author={Feng, Yifan and You, Haoxuan and Zhang, Zizhao and Ji, Rongrong and Gao, Yue},
  booktitle={Proceedings of the AAAI Conference on Artificial Intelligence},
  volume={33},
  number={01},
  pages={3558--3565},
  year={2019}
}
@article{wei2022augmentations,
  title={Augmentations in Hypergraph Contrastive Learning: Fabricated and Generative},
  author={Wei, Tianxin and You, Yuning and Chen, Tianlong and Shen, Yang and He, Jingrui and Wang, Zhangyang},
  journal={arXiv preprint arXiv:2210.03801},
  year={2022}
}
@article{you2020graph,
  title={Graph contrastive learning with augmentations},
  author={You, Yuning and Chen, Tianlong and Sui, Yongduo and Chen, Ting and Wang, Zhangyang and Shen, Yang},
  journal={Advances in neural information processing systems},
  volume={33},
  pages={5812--5823},
  year={2020}
}



@article{kose2022fair2,
  title={Fair node representation learning via adaptive data augmentation},
  author={Kose, O Deniz and Shen, Yanning},
  journal={arXiv preprint arXiv:2201.08549},
  year={2022}
}
@inproceedings{ling2023learning,
  title={Learning fair graph representations via automated data augmentations},
  author={Ling, Hongyi and Jiang, Zhimeng and Luo, Youzhi and Ji, Shuiwang and Zou, Na},
  booktitle={The Eleventh International Conference on Learning Representations},
  year={2023}
}
@article{kose2022fair,
  title={Fair contrastive learning on graphs},
  author={Kose, Oyku Deniz and Shen, Yanning},
  journal={IEEE Transactions on Signal and Information Processing over Networks},
  volume={8},
  pages={475--488},
  year={2022},
  publisher={IEEE}
}
@article{xie2022task,
  title={Task-agnostic graph explanations},
  author={Xie, Yaochen and Katariya, Sumeet and Tang, Xianfeng and Huang, Edward and Rao, Nikhil and Subbian, Karthik and Ji, Shuiwang},
  journal={arXiv preprint arXiv:2202.08335},
  year={2022}
}





@article{zitnik2017predicting,
  title={Predicting multicellular function through multi-layer tissue networks},
  author={Zitnik, Marinka and Leskovec, Jure},
  journal={Bioinformatics},
  volume={33},
  number={14},
  pages={i190--i198},
  year={2017},
  publisher={Oxford University Press}
}
@article{wu2018moleculenet,
  title={MoleculeNet: a benchmark for molecular machine learning},
  author={Wu, Zhenqin and Ramsundar, Bharath and Feinberg, Evan N and Gomes, Joseph and Geniesse, Caleb and Pappu, Aneesh S and Leswing, Karl and Pande, Vijay},
  journal={Chemical science},
  volume={9},
  number={2},
  pages={513--530},
  year={2018},
  publisher={Royal Society of Chemistry}
}
@inproceedings{dai2021say,
  title={Say no to the discrimination: Learning fair graph neural networks with limited sensitive attribute information},
  author={Dai, Enyan and Wang, Suhang},
  booktitle={Proceedings of the 14th ACM International Conference on Web Search and Data Mining},
  pages={680--688},
  year={2021}
}
@article{morris2020tudataset,
  title={Tudataset: A collection of benchmark datasets for learning with graphs},
  author={Morris, Christopher and Kriege, Nils M and Bause, Franka and Kersting, Kristian and Mutzel, Petra and Neumann, Marion},
  journal={arXiv preprint arXiv:2007.08663},
  year={2020}
}

@inproceedings{yang_co-clustering_2022,
	title = {Co-clustering {Interactions} via {Attentive} {Hypergraph} {Neural} {Network}},
	booktitle = {SIGIR},
	publisher = {ACM},
	author = {Yang, Tianchi and Yang, Cheng and Zhang, Luhao and Shi, Chuan and Hu, Maodi and Liu, Huaijun and Li, Tao and Wang, Dong},
	month = jul,
	year = {2022},
	pages = {859--869},
}

@inproceedings{fan_one2multi_2020,
	title = {{One2Multi} {Graph} {Autoencoder} for {Multi}-view {Graph} {Clustering}},
	booktitle = {WWW},
	publisher = {ACM},
	author = {Fan, Shaohua and Wang, Xiao and Shi, Chuan and Lu, Emiao and Lin, Ken and Wang, Bai},
	month = apr,
	year = {2020},
	pages = {3070--3076},
}

@article{min_survey_2018,
	title = {A {Survey} of {Clustering} {With} {Deep} {Learning}: {From} the {Perspective} of {Network} {Architecture}},
	volume = {6},
	journal = {IEEE Access},
	author = {Min, Erxue and Guo, Xifeng and Liu, Qiang and Zhang, Gen and Cui, Jianjing and Long, Jun},
	year = {2018},
	pages = {39501--39514},
}

@article{ng2001spectral,
  title={On spectral clustering: Analysis and an algorithm},
  author={Ng, Andrew and Jordan, Michael and Weiss, Yair},
  journal={NIPS},
  volume={14},
  year={2001}
}

@article{zhang_maximum_2021,
	title = {Maximum {Joint} {Probability} {With} {Multiple} {Representations} for {Clustering}},
	journal = {IEEE TNNLS},
	author = {Zhang, Rui and Zhang, Hongyuan and Li, Xuelong},
	year = {2021},
	pages = {1--11},
}

@inproceedings{yan_deep_2015,
	title = {Deep {Learning} for {Imbalanced} {Multimedia} {Data} {Classification}},
	//doi = {10.1109/ISM.2015.126},
	booktitle = {{IEEE} {ISM}},
	author = {Yan, Yilin and Chen, Min and Shyu, Mei-Ling and Chen, Shu-Ching},
	year = {2015},
	pages = {483--488},
}

@inproceedings{xu_disentangled_2021,
	title = {Disentangled {Self}-{Attentive} {Neural} {Networks} for {Click}-{Through} {Rate} {Prediction}},
	//booktitle = {Proceedings of the 30th {ACM} {International} {Conference} on {Information} \&amp; {Knowledge} {Management}},
	booktitle={CIKM},
	publisher = {ACM},
	//publisher = {Association for Computing Machinery},
	author = {Xu, Yichen and Zhu, Yanqiao and Yu, Feng and Liu, Qiang and Wu, Shu},
	year = {2021},
	pages = {3553--3557},
}

@article{kou2016social,
  title={Social network search based on semantic analysis and learning},
  author={Kou, Feifei and Du, Junping and He, Yijiang and Ye, Lingfei},
  journal={CAAI transactions on intelligence technology},
  volume={1},
  number={4},
  pages={293--302},
  year={2016},
  //publisher={Elsevier}
}

@inproceedings{sun2009study,
  title={Study on the improvement of K-nearest-neighbor algorithm},
  author={Sun, Bo and Du, Junping and Gao, Tian},
  booktitle={AICI},
  volume={4},
  pages={390--393},
  year={2009},
  //organization={IEEE}
}

@article{garcia_big_2016,
	title = {Big data preprocessing: methods and prospects},
	volume = {1},
	number = {1},
	journal = {Big Data Analytics},
	author = {García, Salvador and Ramírez-Gallego, Sergio and Luengo, Julián and Benítez, José Manuel and Herrera, Francisco},
	year = {2016},
	//pages = {9},
}

@inproceedings{vaswani_attention_2017,
	title = {Attention is {All} you {Need}},
	booktitle = {Advances in {Neural} {Information} {Processing} {Systems} 30: {Annual} {Conference} on {Neural} {Information} {Processing} {Systems} 2017},
	author = {Vaswani, Ashish and Shazeer, Noam and Parmar, Niki and Uszkoreit, Jakob and Jones, Llion and Gomez, Aidan N. and Kaiser, Lukasz and Polosukhin, Illia},
	year = {2017},
	pages = {5998--6008},
}

@article{shi2018heterogeneous,
    title={Heterogeneous information network embedding for recommendation},
    author={Shi, Chuan and Hu, Binbin and Zhao, Wayne Xin and Philip, S Yu},
    journal={IEEE TKDE},
    volume={31},
    number={2},
    pages={357--370},
    year={2018},
    //publisher={IEEE}
}
@article{li_adaptive_2021,
	title = {Adaptive {Graph} {Auto}-{Encoder} for {General} {Data} {Clustering}},
	journal = {IEEE Transactions on Pattern Analysis and Machine Intelligence},
	author = {Li, Xuelong and Zhang, Hongyuan and Zhang, Rui},
	year = {2021},
	//pages = {1--1},
}

@inproceedings{zhu_deep_2020,
	title = {Deep {Graph} {Contrastive} {Representation} {Learning}},
	booktitle = {{ICML} {Workshop} on {Graph} {Representation} {Learning} and {Beyond}},
	author = {Zhu, Yanqiao and Xu, Yichen and Yu, Feng and Liu, Qiang and Wu, Shu and Wang, Liang},
	year = {2020},
}

@inproceedings{sabour2017dynamic,
	author = {Sabour, Sara and Frosst, Nicholas and Hinton, Geoffrey E.},
	title = {Dynamic Routing Between Capsules},
	//booktitle = {Advances in Neural Information Processing Systems 30},
	booktitle = {NIPS 2017},
	year = {2017},
	//isbn = {978-1-5108-6096-4},
	//location = {Long Beach, California, USA},
	pages = {3859--3869},
	numpages = {11},
	//acmid = {3295142},
	//publisher = {Curran Associates Inc.},
} 

@inproceedings{zhu_adaptive_2017,
	title = {Adaptive {Hypergraph} {Learning} for {Unsupervised} {Feature} {Selection}},
	booktitle = {IJCAI},
	//booktitle = {Proceedings of the {Twenty}-{Sixth} {International} {Joint} {Conference} on {Artificial} {Intelligence}},
	//publisher = {IJCAI Organization},
	author = {Zhu, Xiaofeng and Zhu, Yonghua and Zhang, Shichao and Hu, Rongyao and He, Wei},
	//month = aug,
	year = {2017},
	//pages = {3581--3587},
}

@inproceedings{kipf_semi_supervised_2017,
	title = {Semi-{Supervised} {Classification} with {Graph} {Convolutional} {Networks}},
	//booktitle = {5th {International} {Conference} on {Learning} {Representations}},
	booktitle = {ICLR},
	publisher = {OpenReview.net},
	author = {Kipf, Thomas N. and Welling, Max},
	year = {2017},
}

@inproceedings{zhou_learning_2006,
	title = {Learning with {Hypergraphs}: {Clustering}, {Classification}, and {Embedding}},
	booktitle = {NeurIPS},
	//booktitle = {Proceedings of the 19th {International} {Conference} on {Neural} {Information} {Processing} {Systems}},
	//publisher = {MIT Press},
	author = {Zhou, Dengyong and Huang, Jiayuan and Schölkopf, Bernhard},
	year = {2006},
	pages = {1601--1608},
}

@article{yang2020hypergraph,
  title={Hypergraph learning with line expansion},
  author={Yang, Chaoqi and Wang, Ruijie and Yao, Shuochao and Abdelzaher, Tarek},
  journal={arXiv preprint arXiv:2005.04843},
  year={2020}
}

@article{hu_adaptive_2021,
	title = {Adaptive {Hypergraph} {Auto}-{Encoder} for {Relational} {Data} {Clustering}},
	journal = {TKDE},
	author = {Hu, Youpeng and Li, Xunkai and Wang, Yujie and Wu, Yixuan and Zhao, Yining and Yan, Chenggang and Yin, Jian and Gao, Yue},
	year = {2021},
	//pages = {1--1},
}

@inproceedings{kipf_variational_2016,
	title = {Variational {Graph} {Auto}-{Encoders}},
	booktitle = {{NIPS} {Workshop} on {Bayesian} {Deep} {Learning}},
	author = {Kipf, Thomas N and Welling, Max},
	year = {2016},
}

@inproceedings{liu_autofis_2020,
	title = {{AutoFIS}: {Automatic} {Feature} {Interaction} {Selection} in {Factorization} {Models} for {Click}-{Through} {Rate} {Prediction}},
	booktitle = {Proceedings of the 26th {ACM} {SIGKDD} {International} {Conference} on {Knowledge} {Discovery} \& {Data} {Mining}},
	publisher = {ACM},
	author = {Liu, Bin and Zhu, Chenxu and Li, Guilin and Zhang, Weinan and Lai, Jincai and Tang, Ruiming and He, Xiuqiang and Li, Zhenguo and Yu, Yong},
	month = aug,
	year = {2020},
	pages = {2636--2645},
}

@article{kou_social_2016,
	title = {Social network search based on semantic analysis and learning},
	volume = {1},
	number = {4},
	journal = {CAAI Transactions on Intelligence Technology},
	author = {Kou, Feifei and Du, Junping and He, Yijiang and Ye, Lingfei},
	month = oct,
	year = {2016},
	pages = {293--302},
}

@inproceedings{sun_study_2009,
	title = {Study on the {Improvement} of {K}-{Nearest}-{Neighbor} {Algorithm}},
	booktitle = {2009 {International} {Conference} on {Artificial} {Intelligence} and {Computational} {Intelligence}},
	publisher = {IEEE},
	author = {Sun, Bo and Du, Junping and Gao, Tian},
	year = {2009},
	pages = {390--393},
}

@article{feng_improving_2020,
	title = {Improving performances of {Top}-{N} recommendations with co-clustering method},
	volume = {143},
	journal = {Expert Systems with Applications},
	author = {Feng, Liang and Zhao, Qianchuan and Zhou, Cangqi},
	month = apr,
	year = {2020},
}	
	
@inproceedings{wang_heterogeneous_2019,
	title = {Heterogeneous {Graph} {Attention} {Network}},
	booktitle = {WWW},
	author = {Wang, Xiao and Ji, Houye and Shi, Chuan and Wang, Bai and Ye, Yanfang and Cui, Peng and Yu, Philip S.},
	year = {2019},
}

@inproceedings{song_deep_2021,
	title = {Deep {Clustering} based {Fair} {Outlier} {Detection}},
	booktitle = {{SIGKDD} 2021},
	author = {Song, Hanyu and Li, Peizhao and Liu, Hongfu},
	month = jun,
	year = {2021},
}

@article{yang_variational_2021,
	title = {Variational {Co}-embedding {Learning} for {Attributed} {Network} {Clustering}},
	journal = {arXiv},
	author = {Yang, Shuiqiao and Verma, Sunny and Cai, Borui and Jiang, Jiaojiao and Yu, Kun and Chen, Fang and Yu, Shui},
	year = {2021},
}

@article{meng_jointly_2020,
	title = {Jointly {Learning} {Representations} of {Nodes} and {Attributes} for {Attributed} {Networks}},
	volume = {38},
	number = {2},
	journal = {ACM Trans. Inf. Syst.},
	author = {Meng, Zaiqiao and Liang, Shangsong and Zhang, Xiangliang and McCreadie, Richard and Ounis, Iadh},
	year = {2020},
}

@inproceedings{wang_attributed_2019,
	title = {Attributed {Graph} {Clustering}: {A} {Deep} {Attentional} {Embedding} {Approach}},
	//booktitle = {Proceedings of the {Twenty}-{Eighth} {International} {Joint} {Conference} on {Artificial} {Intelligence}},
	booktitle = {IJCAI},
	author = {Wang, Chun and Pan, Shirui and Hu, Ruiqi and Long, Guodong and Jiang, Jing and Zhang, Chengqi},
	month = aug,
	year = {2019},
	//pages = {3670--3676},
}

@article{yang2021hgat,
  title={HGAT: Heterogeneous Graph Attention Networks for Semi-supervised Short Text Classification},
  author={Yang, Tianchi and Hu, Linmei and Shi, Chuan and Ji, Houye and Li, Xiaoli and Nie, Liqiang},
  journal={ACM TOIS},
  volume={39},
  number={3},
  pages={1--29},
  year={2021},
}

@inproceedings{lundberg_unified_2017,
	title = {A unified approach to interpreting model predictions},
	booktitle = {{NIPS}},
	author = {Lundberg, Scott M and Lee, Su-In},
	year = {2017},
	pages = {4768--4777},
}

@inproceedings{deutch_constraints-based_2019,
	title = {Constraints-based explanations of classifications},
	booktitle = {{ICDE}},
	publisher = {IEEE},
	author = {Deutch, Daniel and Frost, Nave},
	year = {2019},
	pages = {530--541},
}

@inproceedings{moshkovitz_explainable_2020,
	title = {Explainable k-means and k-medians clustering},
	booktitle = {International {Conference} on {Machine} {Learning}},
	publisher = {PMLR},
	author = {Moshkovitz, Michal and Dasgupta, Sanjoy and Rashtchian, Cyrus and Frost, Nave},
	year = {2020},
	pages = {7055--7065},
}

@article{van2008visualizing,
  title={Visualizing data using t-SNE.},
  author={Van der Maaten, Laurens and Hinton, Geoffrey},
  journal={Journal of machine learning research},
  volume={9},
  number={11},
  year={2008}
}

@inproceedings{gad-elrab_excut_2020,
	title = {{ExCut}: explainable embedding-based clustering over knowledge graphs},
	booktitle = {International {Semantic} {Web} {Conference}},
	publisher = {Springer},
	author = {Gad-Elrab, Mohamed H and Stepanova, Daria and Tran, Trung-Kien and Adel, Heike and Weikum, Gerhard},
	year = {2020},
	pages = {218--237},
}

@inproceedings{sundararajan_axiomatic_2017,
	title = {Axiomatic {Attribution} for {Deep} {Networks}},
	volume = {70},
	booktitle = {Proceedings of the 34th International Conference on Machine Learning},
	//booktitle = {ICML},
	publisher = {PMLR},
	author = {Sundararajan, Mukund and Taly, Ankur and Yan, Qiqi},
	month = aug,
	year = {2017},
	pages = {3319--3328},
}

@article{zhou_graph_2009,
	title = {Graph clustering based on structural/attribute similarities},
	volume = {2},
	number = {1},
	journal = {Proceedings of the VLDB Endowment},
	author = {Zhou, Yang and Cheng, Hong and Yu, Jeffrey Xu},
	month = aug,
	year = {2009},
	pages = {718--729},
}

@article{kipf2016variational,
  title={Variational Graph Auto-Encoders},
  author={Kipf, Thomas N and Welling, Max},
  journal={NIPS Workshop on Bayesian Deep Learning},
  year={2016}
}
@article{shiau_co-citation_2017,
	title = {Co-citation and cluster analyses of extant literature on social networks},
	volume = {37},
	number = {5},
	journal = {International Journal of Information Management},
	author = {Shiau, Wen-Lung and Dwivedi, Yogesh K. and Yang, Han Suan},
	month = oct,
	year = {2017},
	pages = {390--399},
}

@inproceedings{pinilla-de_la_cruz_public-private_2021,
	title = {Public-{Private} {Partnerships} ({PPPs}) in {Energy}: {Co}-citation {Analysis} {Using} {Network} and {Cluster} {Visualization}},
	booktitle = {Intelligent {Human} {Systems} {Integration} 2021},
	publisher = {Springer},
	author = {Pinilla-De La Cruz, Giovanna Andrea and Rabetino, Rodrigo and Kantola, Jussi},
	year = {2021},
	pages = {460--465},
}

@article{udrescu_clustering_2016,
	title = {Clustering drug-drug interaction networks with energy model layouts: community analysis and drug repurposing},
	volume = {6},
	journal = {Scientific Reports},
	author = {Udrescu, Lucreţia and Sbârcea, Laura and Topîrceanu, Alexandru and Iovanovici, Alexandru and Kurunczi, Ludovic and Bogdan, Paul and Udrescu, Mihai},
	month = dec,
	year = {2016},
	//pages = {32745},
}

@article{wishart_drugbank_2018,
	title = {{DrugBank} 5.0: a major update to the {DrugBank} database for 2018},
	volume = {46},
	journal = {Nucleic Acids Research},
	author = {Wishart, David S and Feunang, Yannick D and Guo, An C and Lo, Elvis J and Marcu, Ana and Grant, Jason R and Sajed, Tanvir and Johnson, Daniel and Li, Carin and Sayeeda, Zinat and Assempour, Nazanin and Iynkkaran, Ithayavani and Liu, Yifeng and Maciejewski, Adam and Gale, Nicola and Wilson, Alex and Chin, Lucy and Cummings, Ryan and Le, Diana and Pon, Allison and Knox, Craig and Wilson, Michael},
	month = jan,
	year = {2018},
	pages = {D1074--D1082},
}

@article{tatonetti_data_driven_2012,
	title = {Data-{Driven} {Prediction} of {Drug} {Effects} and {Interactions}},
	volume = {4},
	number = {125},
	journal = {Science Translational Medicine},
	author = {Tatonetti, N. P. and Ye, P. P. and Daneshjou, R. and Altman, R. B.},
	month = mar,
	year = {2012},
	pages = {125ra31--125ra31},
}

@article{huang_systematic_2013,
	title = {Systematic {Prediction} of {Pharmacodynamic} {Drug}-{Drug} {Interactions} through {Protein}-{Protein}-{Interaction} {Network}},
	volume = {9},
	number = {3},
	journal = {PLoS Computational Biology},
	author = {Huang, Jialiang and Niu, Chaoqun and Green, Christopher D. and Yang, Lun and Mei, Hongkang and Han, Jing-Dong J.},
	month = mar,
	year = {2013},
	pages = {e1002998},
}

@article{zhang_taxonomy_2019,
	title = {Taxonomy-aware collaborative denoising autoencoder for personalized recommendation},
	volume = {49},
	number = {6},
	journal = {Applied Intelligence},
	author = {Zhang, Chunhong and Li, Tiantian and Ren, Zhibin and Hu, Zheng and Ji, Yang},
	month = jun,
	year = {2019},
	pages = {2101--2118},
}

@inproceedings{huang_taxonomy_2019,
	title = {Taxonomy-{Aware} {Multi}-{Hop} {Reasoning} {Networks} for {Sequential} {Recommendation}},
	booktitle = {WSDM},
	publisher = {ACM},
	author = {Huang, Jin and Ren, Zhaochun and Zhao, Wayne Xin and He, Gaole and Wen, Ji-Rong and Dong, Daxiang},
	year = {2019},
	pages = {573--581},
}

@inproceedings{ping_user_2021,
	title = {User {Consumption} {Intention} {Prediction} in {Meituan}},
	booktitle = {SIGKDD},
	publisher = {Association for Computing Machinery},
	author = {Ping, Yukun and Gao, Chen and Liu, Taichi and Du, Xiaoyi and Luo, Hengliang and Jin, Depeng and Li, Yong},
	year = {2021},
	pages = {3472--3482},
}

@inproceedings{hu_heterogeneous_2020,
	title = {Heterogeneous {Graph} {Transformer}},
	//booktitle = {Proceedings of The Web Conference},
	booktitle = {WWW},
	publisher = {ACM},
	author = {Hu, Ziniu and Dong, Yuxiao and Wang, Kuansan and Sun, Yizhou},
	year = {2020},
	pages = {2704--2710},
}

@inproceedings{grover_node2vec_2016,
	title = {node2vec: {Scalable} {Feature} {Learning} for {Networks}},
	booktitle = {{SIGKDD}},
	publisher = {Association for Computing Machinery},
	author = {Grover, Aditya and Leskovec, Jure},
	year = {2016},
	pages = {855--864},
}

@inproceedings{dong_metapath2vec_2017,
	title = {metapath2vec: {Scalable} {Representation} {Learning} for {Heterogeneous} {Networks}},
	//booktitle = {Proceedings of the 23rd ACM SIGKDD International Conference on Knowledge Discovery and Data Mining},
	booktitle = {SIGKDD},
	publisher = {ACM},
	author = {Dong, Yuxiao and Chawla, Nitesh V. and Swami, Ananthram},
	year = {2017},
	pages = {135--144},
}

@article{hinton_reducing_2006,
	title = {Reducing the {Dimensionality} of {Data} with {Neural} {Networks}},
	volume = {313},
	number = {5786},
	urldate = {2021-08-23},
	journal = {Science},
	author = {Hinton, G. E.},
	month = jul,
	year = {2006},
	pages = {504--507},
}

@article{hartigan_algorithm_1979,
	title = {Algorithm {AS} 136: {A} {K}-{Means} {Clustering} {Algorithm}},
	volume = {28},
	number = {1},
	journal = {Applied Statistics},
	author = {Hartigan, J. A. and Wong, M. A.},
	year = {1979},
	pages = {100},
}

@inproceedings{yun_graph_2019,
	title = {Graph {Transformer} {Networks}},
	volume = {32},
	booktitle = {NIPS},
	publisher = {Curran Associates, Inc.},
	author = {Yun, Seongjun and Jeong, Minbyul and Kim, Raehyun and Kang, Jaewoo and Kim, Hyunwoo J},
	year = {2019},
}

@inproceedings{xie_unsupervised_2016,
	title = {Unsupervised {Deep} {Embedding} for {Clustering} {Analysis}},
	volume = {48},
	//booktitle = {Proceedings of The 33rd International Conference on Machine Learning},
	booktitle = {ICML},
	publisher = {PMLR},
	author = {Xie, Junyuan and Girshick, Ross and Farhadi, Ali},
	month = jun,
	year = {2016},
	pages = {478--487},
}


@inproceedings{bo_structural_2020,
	title = {Structural {Deep} {Clustering} {Network}},
	//booktitle = {Proceedings of the Web Conference},
	booktitle = {WWW},
	author = {Bo, Deyu and Wang, Xiao and Shi, Chuan and Zhu, Meiqi and Lu, Emiao and Cui, Peng},
	year = {2020},
	//pages = {11},
}

@inproceedings{yang_effective_2021,
	title = {Effective and {Scalable} {Clustering} on {Massive} {Attributed} {Graphs}},
	//booktitle = {Proceedings of the Web Conference},
	booktitle = {WWW},
	publisher = {ACM},
	author = {Yang, Renchi and Shi, Jieming and Yang, Yin and Huang, Keke and Zhang, Shiqi and Xiao, Xiaokui},
	month = apr,
	year = {2021},
	//pages = {3675--3687},
}

@inproceedings{zhang_hyper_sagnn_2020,
	title = {Hyper-{SAGNN}: a self-attention based graph neural network for hypergraphs},
	//booktitle = {International Conference on Learning Representations},
	booktitle = {ICLR},
	author = {Zhang, Ruochi and Zou, Yuesong and Ma, Jian},
	year = {2020},
}

@inproceedings{mohankumar_towards_2020,
	title = {Towards {Transparent} and {Explainable} {Attention} {Models}},
	booktitle = {ACL},
	publisher = {Association for Computational Linguistics},
	author = {Mohankumar, Akash Kumar and Nema, Preksha and Narasimhan, Sharan and Khapra, Mitesh M. and Srinivasan, Balaji Vasan and Ravindran, Balaraman},
	year = {2020},
	pages = {4206--4216},
}

@inproceedings{wiegreffe_attention_2019,
	title = {Attention is not not {Explanation}},
	booktitle = {EMNLP},
	publisher = {Association for Computational Linguistics},
	author = {Wiegreffe, Sarah and Pinter, Yuval},
	month = nov,
	year = {2019},
	pages = {11--20},
}

@inproceedings{feng_hypergraph_2019,
	title = {Hypergraph {Neural} {Networks}},
	//booktitle = {Proceedings of the {AAAI} {Conference} on {Artificial} {Intelligence}},
	booktitle = {AAAI},
	author = {Feng, Yifan and You, Haoxuan and Zhang, Zizhao and Ji, Rongrong and Gao, Yue},
	month = jul,
	year = {2019},
	pages = {3558--3565},
}

@incollection{yadati_hypergcn_2019,
	title = {{HyperGCN}: {A} {New} {Method} {For} {Training} {Graph} {Convolutional} {Networks} on {Hypergraphs}},
	//booktitle = {Advances in Neural Information Processing Systems 32},
	booktitle = {NeurIPS},
	//publisher = {Curran Associates, Inc.},
	author = {Yadati, Naganand and Nimishakavi, Madhav and Yadav, Prateek and Nitin, Vikram and Louis, Anand and Talukdar, Partha},
	year = {2019},
	pages = {1511--1522},
}

@inproceedings{serrano_is_2019,
	title = {Is {Attention} {Interpretable}?},
	//booktitle = {Proceedings of the 57th Annual Meeting of the Association for Computational Linguistics},
	booktitle = {ACL},
	publisher = {Association for Computational Linguistics},
	author = {Serrano, Sofia and Smith, Noah A.},
	month = jul,
	year = {2019},
	pages = {2931--2951},
}

@inproceedings{jain_attention_2019,
	title = {Attention is not {Explanation}},
	booktitle = {NAACL},
	publisher = {Association for Computational Linguistics},
	author = {Jain, Sarthak and Wallace, Byron C.},
	month = jun,
	year = {2019},
	pages = {3543--3556},
}

@inproceedings{zhang_hierarchical_2019,
	title = {Hierarchical {Reinforcement} {Learning} for {Course} {Recommendation} in {MOOCs}},
	booktitle = {AAAI},
	author = {Zhang, Jing and Hao, Bowen and Chen, Bo and Li, Cuiping and Chen, Hong and Sun, Jimeng},
	year = {2019},
	pages = {435--442},
}

@inproceedings{zhao_exploiting_2017,
	title = {Exploiting {Hierarchical} {Structures} for {POI} {Recommendation}},
	booktitle = {ICDM},
	author = {Zhao, P. and Xu, X. and Liu, Y. and Zhou, Z. and Zheng, K. and Sheng, V. S. and Xiong, H.},
	year = {2017},
	pages = {655--664},
}

@article{sarkar_mining_2019,
	title = {Mining user interaction patterns in the darkweb to predict enterprise cyber incidents},
	volume = {9},
	number = {1},
	journal = {Social Network Analysis and Mining},
	author = {Sarkar, Soumajyoti and Almukaynizi, Mohammad and Shakarian, Jana and Shakarian, Paulo},
	month = dec,
	year = {2019},
	pages = {57},
}

@article{wundervald_cluster-based_2021,
	title = {Cluster-based quotas for fairness improvements in music recommendation systems},
	volume = {10},
	number = {1},
	journal = {International Journal of Multimedia Information Retrieval},
	author = {Wundervald, Bruna},
	month = mar,
	year = {2021},
	pages = {25--32},
}

@inproceedings{qiao_personalized_2019,
	title = {Personalized {Recommendation} for {Cold}-{Start} {Users} via {Cluster}-{Level} {Latent} {Feature} {Model}},
	//booktitle = {International Conference on Networking and Network Applications},
	booktitle = {NaNA},
	author = {Qiao, Hui and Liu, Yangyang and Dong, Xuewen and Lu, Di},
	year = {2019},
	pages = {290--295},
}

@inproceedings{buaklee_similar_2018,
	title = {Similar {Cluster} recommendation of {Product} {Purchases} by {Pages} liked {Analysis}},
	//booktitle = {10th International Conference on Electronics, Computers and Artificial Intelligence},
	booktitle = {ECAI},
	publisher = {IEEE},
	author = {Buaklee, Chantima and Sinthupinyo, Sukree},
	month = jun,
	year = {2018},
	pages = {1--5},
}

@inproceedings{jing_hdmi_2021,
	title = {{HDMI}: {High}-order {Deep} {Multiplex} {Infomax}},
	booktitle = {WWW},
	publisher = {ACM},
	author = {Jing, Baoyu and Park, Chanyoung and Tong, Hanghang},
	year = {2021},
	pages = {2414--2424},
}

@inproceedings{park_unsupervised_2020,
	title = {Unsupervised {Attributed} {Multiplex} {Network} {Embedding}},
	booktitle = {AAAI},
	author = {Park, Chanyoung and Kim, Donghyun and Han, Jiawei and Yu, Hwanjo},
	year = {2020},
	pages = {5371--5378},
}

@inproceedings{aggarwal_dynamic_2020,
	title = {Dynamic {Clustering} with {Discrete} {Time} {Event} {Prediction}},
	booktitle = {SIGIR},
	//booktitle = {Proceedings of the 43rd International ACM SIGIR Conference on Research and Development in Information Retrieval},
	publisher = {ACM},
	author = {Aggarwal, Karan and Theocharous, Georgios and Rao, Anup B.},
	year = {2020},
	pages = {1501--1504},
}

@inproceedings{ban_local_2021,
	title = {Local {Clustering} in {Contextual} {Multi}-{Armed} {Bandits}},
	booktitle = {WWW},
	publisher = {ACM},
	author = {Ban, Yikun and He, Jingrui},
	year = {2021},
	pages = {2335--2346},
}


%%%%%%%%%%%%%%%%%%%%%%%%%%%%%%%%%%%%%%%%%%%%%%%%%%
%%%%%%%%%%%%%%%%%%%%%%%%%%%%%%%%%%%%%%%%%%%%%%%%%%
%%%%%%%%%%%%%%%%%%%%%%%%%%%%%%%%%%%%%%%%%%%%%%%%%%


@inproceedings{jin_efficient_2020,
	title = {An {Efficient} {Neighborhood}-based {Interaction} {Model} for {Recommendation} on {Heterogeneous} {Graph}},
	//doi = {10.1145/3394486.3403050},
	//booktitle = {Proceedings of the 26th {ACM} {SIGKDD} {International} {Conference} on {Knowledge} {Discovery} \& {Data} {Mining}},
	booktitle = {SIGKDD},
	publisher = {ACM},
	author = {Jin, Jiarui and Qin, Jiarui and Fang, Yuchen and Du, Kounianhua and Zhang, Weinan and Yu, Yong and Zhang, Zheng and Smola, Alexander J.},
	month = aug,
	year = {2020},
	pages = {75--84},
}

@inproceedings{chen2020efficient,
  title={Efficient non-sampling factorization machines for optimal context-aware recommendation},
  author={Chen, Chong and Zhang, Min and Ma, Weizhi and Liu, Yiqun and Ma, Shaoping},
  //booktitle={Proceedings of The Web Conference 2020},
  booktitle={WWW},
  pages={2400--2410},
  year={2020},
  publisher = {ACM},
}

@article{yu_self_supervised_2021,
	title = {Self-{Supervised} {Multi}-{Channel} {Hypergraph} {Convolutional} {Network} for {Social} {Recommendation}},
	journal = {arXiv preprint arXiv:2101.06448},
	author = {Yu, Junliang and Yin, Hongzhi and Li, Jundong and Wang, Qinyong and Hung, Nguyen Quoc Viet and Zhang, Xiangliang},
	year = {2021}
}

@article{chen_context_aware_2021,
	title = {A context-aware recommendation approach based on feature selection},
	volume = {51},
	//issn = {0924-669X, 1573-7497},
	//url = {http://link.springer.com/10.1007/s10489-020-01835-9},
	//doi = {10.1007/s10489-020-01835-9},
	number = {2},
	journal = {Applied Intelligence},
	author = {Chen, Lei and Xia, Meimei},
	month = feb,
	year = {2021},
	pages = {865--875}
}

@article{context_aware_2018,
	title = {Context-{Aware} {Recommendation} {Methods}},
	volume = {10},
	//issn = {2074904X, 20749058},
	//doi = {10.5815/ijisa.2018.09.01},
	number = {9},
	journal = {International Journal of Intelligent Systems and Applications},
	author = {{University of Ottawa, Ottawa, K1N 6N5, Canada} and Agagu, Tosin and Tran, Thomas},
	//month = sep,
	year = {2018},
	pages = {1--12},
}

@inproceedings{chen_adversarial_2019,
	title = {Adversarial tensor factorization for context-aware recommendation},
	//isbn = {978-1-4503-6243-6},
	//doi = {10.1145/3298689.3346987},
	//booktitle = {Proceedings of the 13th {ACM} {Conference} on {Recommender} {Systems}},
	booktitle = {RecSys},
	publisher = {ACM},
	author = {Chen, Huiyuan and Li, Jing},
	year = {2019},
	pages = {363--367}
}

@inproceedings{fan_metapath_guided_2019,
	title = {Metapath-guided {Heterogeneous} {Graph} {Neural} {Network} for {Intent} {Recommendation}},
	//booktitle = {Proceedings of the 25th {ACM} {SIGKDD} {International} {Conference} on {Knowledge} {Discovery} \& {Data} {Mining}},
	booktitle = {SIGKDD},
	publisher = {ACM},
	author = {Fan, Shaohua and Zhu, Junxiong and Han, Xiaotian and Shi, Chuan and Hu, Linmei and Ma, Biyu and Li, Yongliang},
	year = {2019},
	pages = {2478--2486},
}

@inproceedings{guo_deepfm_2017,
	title = {{DeepFM}: {A} {Factorization}-{Machine} {Based} {Neural} {Network} for {CTR} {Prediction}},
	//booktitle = {Proceedings of the 26th {International} {Joint} {Conference} on {Artificial} {Intelligence}},
	booktitle = {IJCAI},
	//publisher = {AAAI},
	author = {Guo, Huifeng and Tang, Ruiming and Ye, Yunming and Li, Zhenguo and He, Xiuqiang},
	year = {2017},
	pages = {1725--1731}
}

@inproceedings{rendle_factorization_2010,
	title = {Factorization {Machines}},
	//booktitle = {{The} 10th {IEEE} {International} {Conference} on {Data} {Mining}},
	booktitle = {ICDM},
	publisher = {IEEE Computer Society},
	author = {Rendle, Steffen},
	year = {2010},
	pages = {995--1000}
}

@inproceedings{linmei_heterogeneous_2019,
	title = {Heterogeneous {Graph} {Attention} {Networks} for {Semi}-supervised {Short} {Text} {Classification}},
	//booktitle = {Proceedings of the 2019 {Conference} on {Empirical} {Methods} in {Natural} {Language} {Processing} and the 9th {International} {Joint} {Conference} on {Natural} {Language} {Processing}},
	booktitle = {EMNLP},
	publisher = {ACL},
	author = {Linmei, Hu and Yang, Tianchi and Shi, Chuan and Ji, Houye and Li, Xiaoli},
	year = {2019},
}

@inproceedings{song_autoint_2019,
	title = {{AutoInt}: {Automatic} {Feature} {Interaction} {Learning} via {Self}-{Attentive} {Neural} {Networks}},
	//booktitle = {Proceedings of the 28th {ACM} {International} {Conference} on {Information} and {Knowledge} {Management}},
	booktitle = {CIKM},
	publisher = {ACM},
	author = {Song, Weiping and Shi, Chence and Xiao, Zhiping and Duan, Zhijian and Xu, Yewen and Zhang, Ming and Tang, Jian},
	year = {2019},
	pages = {1161--1170},
}

@inproceedings{abadi_tensorflow_2016,
	title = {{TensorFlow}: {A} {System} for {Large}-{Scale} {Machine} {Learning}},
	//booktitle = {12th {USENIX} {Symposium} on {Operating} {Systems} {Design} and {Implementation}},
	booktitle = {OSDI},
	publisher = {USENIX Association},
	author = {Abadi, Martín and Barham, Paul and Chen, Jianmin and Chen, Zhifeng and Davis, Andy and Dean, Jeffrey and Devin, Matthieu and Ghemawat, Sanjay and Irving, Geoffrey and Isard, Michael and Kudlur, Manjunath and Levenberg, Josh and Monga, Rajat and Moore, Sherry and Murray, Derek Gordon and Steiner, Benoit and Tucker, Paul A. and Vasudevan, Vijay and Warden, Pete and Wicke, Martin and Yu, Yuan and Zheng, Xiaoqiang},
	year = {2016},
	pages = {265--283}
}

@inproceedings{kingma_adam_2015,
  author    = {Diederik P. Kingma and Jimmy Ba},
  title     = {Adam: {A} Method for Stochastic Optimization},
  //booktitle = {3rd International Conference on Learning Representations},
  booktitle = {ICLR},
  year      = {2015},
}

@article{wu_graph_2020,
	title = {Graph {Neural} {Networks} in {Recommender} {Systems}: {A} {Survey}},
	journal = {arXiv:2011.02260 [cs]},
	author = {Wu, Shiwen and Zhang, Wentao and Sun, Fei and Cui, Bin},
	year = {2020},
}

@inproceedings{rendle_bpr_2009,
	title = {{BPR}: {Bayesian} {Personalized} {Ranking} from {Implicit} {Feedback}},
	//booktitle = {Proceedings of the {Twenty}-{Fifth} {Conference} on {Uncertainty} in {Artificial} {Intelligence}},
	booktitle = {UAI},
	publisher = {AUAI Press},
	author = {Rendle, Steffen and Freudenthaler, Christoph and Gantner, Zeno and Schmidt-Thieme, Lars},
	year = {2009},
	pages = {452--461}
}

@article{ma_improving_2011,
	title = {Improving {Recommender} {Systems} by {Incorporating} {Social} {Contextual} {Information}},
	volume = {29},
	number = {2},
	journal = {ACM Transactions on Information Systems},
	author = {Ma, Hao and Zhou, Tom Chao and Lyu, Michael R. and King, Irwin},
	year = {2011},
	pages = {1--23}
}

@inproceedings{xie_learning_2016,
	title = {Learning {Graph}-based {POI} {Embedding} for {Location}-based {Recommendation}},
	//booktitle = {Proceedings of the 25th {ACM} {International} on {Conference} on {Information} and {Knowledge} {Management}},
	booktitle = {CIKM},
	publisher = {ACM},
	author = {Xie, Min and Yin, Hongzhi and Wang, Hao and Xu, Fanjiang and Chen, Weitong and Wang, Sen},
	year = {2016},
	pages = {15--24}
}

@article{wang_survey_2020,
	title = {A {Survey} on {Heterogeneous} {Graph} {Embedding}: {Methods}, {Techniques}, {Applications} and {Sources}},
	journal = {arXiv preprint arXiv:2011.14867},
	author = {Wang, Xiao and Bo, Deyu and Shi, Chuan and Fan, Shaohua and Ye, Yanfang and Yu, Philip S},
	year = {2020}
}

@inproceedings{chen_tgcn_2020,
	title = {{TGCN}: {Tag} {Graph} {Convolutional} {Network} for {Tag}-{Aware} {Recommendation}},
	//booktitle = {Proceedings of the 29th {ACM} {International} {Conference} on {Information} \& {Knowledge} {Management}},
	booktitle = {CIKM},
	publisher = {ACM},
	author = {Chen, Bo and Guo, Wei and Tang, Ruiming and Xin, Xin and Ding, Yue and He, Xiuqiang and Wang, Dong},
	year = {2020},
	pages = {155--164},
}

@inproceedings{luo_conceptualize_2019,
	title = {Conceptualize and {Infer} {User} {Needs} in {E}-commerce},
	booktitle = {CIKM},
	//booktitle = {Proceedings of the 28th {ACM} {International} {Conference} on {Information} and {Knowledge} {Management}},
	publisher = {ACM},
	author = {Luo, Xusheng and Yang, Yonghua and Zhu, Kenny Qili and Gong, Yu and Yang, Keping},
	year = {2019},
	pages = {2517--2525},
}

@article{tran_directed_2020,
	title = {Directed hypergraph neural network},
	journal = {arXiv},
	author = {Tran, Loc Hoang and Tran, Linh Hoang},
	month = aug,
	year = {2020},
}

@article{bandyopadhyay_line_2020,
	title = {Line {Hypergraph} {Convolution} {Network}: {Applying} {Graph} {Convolution} for {Hypergraphs}},
	journal = {arXiv:2002.03392 [cs]},
	author = {Bandyopadhyay, Sambaran and Das, Kishalay and Murty, M. Narasimha},
	month = feb,
	year = {2020},
}

@inproceedings{yi_hypergraph_2020,
	title = {Hypergraph {Convolutional} {Recurrent} {Neural} {Network}},
	//booktitle = {Proceedings of the 26th {ACM} {SIGKDD} {International} {Conference} on {Knowledge} {Discovery} \& {Data} {Mining}},
	booktitle = {SIGKDD},
	publisher = {ACM},
	author = {Yi, Jaehyuk and Park, Jinkyoo},
	year = {2020},
	pages = {3366--3376},
}

@inproceedings{jiang_dynamic_2019,
	title = {Dynamic {Hypergraph} {Neural} {Networks}},
	//booktitle = {Proceedings of the {Twenty}-{Eighth} {International} {Joint} {Conference} on {Artificial} {Intelligence}},
	booktitle = {IJCAI},
	publisher = {ijcai.org},
	author = {Jiang, Jianwen and Wei, Yuxuan and Feng, Yifan and Cao, Jingxuan and Gao, Yue},
	year = {2019},
	pages = {2635--2641}
}

@article{zhu_heterogeneous_2016,
	title = {Heterogeneous hypergraph embedding for document recommendation},
	volume = {216},
	journal = {Neurocomputing},
	author = {Zhu, Yu and Guan, Ziyu and Tan, Shulong and Liu, Haifeng and Cai, Deng and He, Xiaofei},
	month = dec,
	year = {2016},
	pages = {150--162},
}

@inproceedings{wang_next-item_2020,
	title = {Next-item {Recommendation} with {Sequential} {Hypergraphs}},
	//booktitle = {Proceedings of the 43rd {International} {ACM} {SIGIR} //{Conference} on {Research} and {Development} in {Information} {Retrieval}},
	booktitle = {SIGIR},
	publisher = {ACM},
	author = {Wang, Jianling and Ding, Kaize and Hong, Liangjie and Liu, Huan and Caverlee, James},
	month = jul,
	year = {2020},
	pages = {1101--1110},
}

@inproceedings{xia_self-supervised_2021,
	author    = {Xia, Xin and Yin, Hongzhi and Yu, Junliang and Wang, Qinyong and Cui, Lizhen and Zhang, Xiangliang},
	title     = {Self-{Supervised} {Hypergraph} {Convolutional} {Networks} for {Session}-based {Recommendation}},
	//booktitle = {The Thirty-Fifth {AAAI} Conference on Artificial Intelligence},
	booktitle = {AAAI},
	publisher = {{AAAI}},
	year      = {2021},
}

@inproceedings{ji_dual_2020,
	title = {Dual {Channel} {Hypergraph} {Collaborative} {Filtering}},
	//booktitle = {Proceedings of the 26th {ACM} {SIGKDD} {International} {Conference} on {Knowledge} {Discovery} \& {Data} {Mining}},
	booktitle = {SIGKDD},
	publisher = {ACM},
	author = {Ji, Shuyi and Feng, Yifan and Ji, Rongrong and Zhao, Xibin and Tang, Wanwan and Gao, Yue},
	year = {2020},
	pages = {2020--2029}
}

@inproceedings{tu_structural_2018,
  author    = {Ke Tu and Peng Cui and Xiao Wang and Fei Wang and Wenwu Zhu},
  title     = {Structural Deep Embedding for Hyper-Networks},
  booktitle = {AAAI},
  pages     = {426--433},
  publisher = {{AAAI}},
  year      = {2018},
  //url       = {https://www.aaai.org/ocs/index.php/AAAI/AAAI18/paper/view/16797},
}

@article{chen_neural_2021,
	title = {Neural {Feature}-aware {Recommendation} with {Signed} {Hypergraph} {Convolutional} {Network}},
	volume = {39},
	number = {1},
	journal = {ACM Transactions on Information Systems},
	author = {Chen, Xu and Xiong, Kun and Zhang, Yongfeng and Xia, Long and Yin, Dawei and Huang, Jimmy Xiangji},
	month = jan,
	year = {2021},
	pages = {1--22}
}

@article{gao_hypergraph_2020,
	title = {Hypergraph {Learning}: {Methods} and {Practices}.},
	journal = {IEEE Transactions on Pattern Analysis and Machine Intelligence},
	author = {Gao, Y and Zhang, Z and Lin, H and Zhao, X and Du, S and Zou, C},
	year = {2020}
}

@inproceedings{gui_large-scale_2016,
	title = {Large-scale embedding learning in heterogeneous event data},
	//booktitle = {2016 {IEEE} 16th {International} {Conference} on {Data} {Mining}},
	booktitle = {ICDM},
	publisher = {IEEE},
	author = {Gui, Huan and Liu, Jialu and Tao, Fangbo and Jiang, Meng and Norick, Brandon and Han, Jiawei},
	year = {2016},
	pages = {907--912}
}

@inproceedings{huang_hyper2vec_2019,
	title = {Hyper2vec: {Biased} random walk for hyper-network embedding},
	//booktitle = {International {Conference} on {Database} {Systems} for {Advanced} {Applications}},
	booktitle = {DASFAA},
	publisher = {Springer},
	author = {Huang, Jie and Chen, Chuan and Ye, Fanghua and Wu, Jiajing and Zheng, Zibin and Ling, Guohui},
	year = {2019},
	pages = {273--277}
}

@inproceedings{hidasi_recurrent_2018,
	title = {Recurrent {Neural} {Networks} with {Top}-k {Gains} for {Session}-{Based} {Recommendations}},
	//booktitle = {Proceedings of the 27th {ACM} {International} {Conference} on {Information} and {Knowledge} {Management}},
	booktitle = {CIKM},
	publisher = {ACM},
	author = {Hidasi, Balázs and Karatzoglou, Alexandros},
	year = {2018},
	pages = {843--852}
}

@inproceedings{tan_improved_2016,
	title = {Improved {Recurrent} {Neural} {Networks} for {Session}-{Based} {Recommendations}},
	//booktitle = {Proceedings of the 1st {Workshop} on {Deep} {Learning} for {Recommender} {Systems}},
	booktitle = {DLRS@RecSys},
	publisher = {ACM},
	author = {Tan, Yong Kiam and Xu, Xinxing and Liu, Yong},
	year = {2016},
	pages = {17--22}
}

@inproceedings{wu_neural_2019,
	title = {A {Neural} {Influence} {Diffusion} {Model} for {Social} {Recommendation}},
	//booktitle = {Proceedings of the 42nd {International} {ACM} {SIGIR} {Conference} on {Research} and {Development} in {Information} {Retrieval}},
	booktitle = {SIGIR},
	publisher = {ACM},
	author = {Wu, Le and Sun, Peijie and Fu, Yanjie and Hong, Richang and Wang, Xiting and Wang, Meng},
	year = {2019},
	pages = {235--244}
}


@incollection{lim_stp-udgat_2020,
	title = {{STP}-{UDGAT}: {Spatial}-{Temporal}-{Preference} {User} {Dimensional} {Graph} {Attention} {Network} for {Next} {POI} {Recommendation}},
	//booktitle = {Proceedings of the 29th {ACM} {International} {Conference} on {Information} \&amp; {Knowledge} {Management}},
	booktitle = {CIKM},
	publisher = {ACM},
	author = {Lim, Nicholas and Hooi, Bryan and Ng, See-Kiong and Wang, Xueou and Goh, Yong Liang and Weng, Renrong and Varadarajan, Jagannadan},
	year = {2020},
	pages = {845--854}
}

@incollection{chang_learning_2020,
	title = {Learning {Graph}-{Based} {Geographical} {Latent} {Representation} for {Point}-of-{Interest} {Recommendation}},
	booktitle = {CIKM},
	//booktitle = {Proceedings of the 29th {ACM} {International} {Conference} on {Information} \&amp; {Knowledge} {Management}},
	publisher = {ACM},
	author = {Chang, Buru and Jang, Gwanghoon and Kim, Seoyoon and Kang, Jaewoo},
	year = {2020},
	pages = {135--144}
}


@article{wang_towards_2021,
	title = {Towards real-time demand-aware sequential {POI} recommendation},
	volume = {547},
	journal = {Information Sciences},
	author = {Wang, Honglian and Li, Peiyan and Liu, Yang and Shao, Junming},
	month = feb,
	year = {2021},
	pages = {482--497}
}

@article{dau_multi-level_2021,
	title = {Multi-level attentive deep user-item representation learning for recommendation system},
	volume = {433},
	journal = {Neurocomputing},
	author = {Da'u, Aminu and Salim, Naomie and Idris, Rabiu},
	month = apr,
	year = {2021},
	pages = {119--130}
}

@inproceedings{luo_alicoco_2020,
	title = {{AliCoCo}: {Alibaba} {E}-commerce {Cognitive} {Concept} {Net}},
	//booktitle = {Proceedings of the 2020 {ACM} {SIGMOD} {International} {Conference} on {Management} of {Data}},
	booktitle = {SIGMOD},
	publisher = {ACM},
	author = {Luo, Xusheng and Liu, Luxin and Yang, Yonghua and Bo, Le and Cao, Yuanpeng and Wu, Jinghang and Li, Qiang and Yang, Keping and Zhu, Kenny Q.},
	year = {2020},
	pages = {313--327},
}


@inproceedings{chao_huang_knowledge-aware_2021,
	title = {Knowledge-{Aware} {Coupled} {Graph} {Neural} {Network} for {Social} {Recommendation}},
	booktitle = {AAAI},
	publisher = {AAAI},
	author = {Huang, Chao and Xu, Huance and Xu, Yong and Dai, Peng and Xia, Lianghao and Lu, Mengyin and Bo, Liefeng and Xing, Hao and Lai, Xiaoping and Ye, Yanfang },
	year = {2021}
}

@book{clark2012molecular,
  title={Molecular biology},
  author={Clark, David P and Pazdernik, Nanette J},
  year={2012},
  publisher={Elsevier}
}

@article{mitchell1974social,
  title={Social networks},
  author={Mitchell, J Clyde},
  journal={Annual review of anthropology},
  volume={3},
  number={1},
  pages={279--299},
  year={1974},
  publisher={Annual Reviews 4139 El Camino Way, PO Box 10139, Palo Alto, CA 94303-0139, USA}
}

@article{kipf2016semi,
  title={Semi-supervised classification with graph convolutional networks},
  author={Kipf, Thomas N and Welling, Max},
  journal={arXiv preprint arXiv:1609.02907},
  year={2016}
}

@article{velivckovic2017graph,
  title={Graph attention networks},
  author={Veli{\v{c}}kovi{\'c}, Petar and Cucurull, Guillem and Casanova, Arantxa and Romero, Adriana and Lio, Pietro and Bengio, Yoshua},
  journal={arXiv preprint arXiv:1710.10903},
  year={2017}
}

@article{xu2018powerful,
  title={How powerful are graph neural networks?},
  author={Xu, Keyulu and Hu, Weihua and Leskovec, Jure and Jegelka, Stefanie},
  journal={arXiv preprint arXiv:1810.00826},
  year={2018}
}

@book{mitchell2007machine,
  title={Machine learning},
  author={Mitchell, Tom Michael and others},
  volume={1},
  year={2007},
  publisher={McGraw-hill New York}
}

@inproceedings{chen2020simple,
  title={A simple framework for contrastive learning of visual representations},
  author={Chen, Ting and Kornblith, Simon and Norouzi, Mohammad and Hinton, Geoffrey},
  booktitle={International conference on machine learning},
  pages={1597--1607},
  year={2020},
  organization={PMLR}
}

@article{devlin2018bert,
  title={Bert: Pre-training of deep bidirectional transformers for language understanding},
  author={Devlin, Jacob and Chang, Ming-Wei and Lee, Kenton and Toutanova, Kristina},
  journal={arXiv preprint arXiv:1810.04805},
  year={2018}
}

@article{xie2022self,
  title={Self-supervised learning of graph neural networks: A unified review},
  author={Xie, Yaochen and Xu, Zhao and Zhang, Jingtun and Wang, Zhengyang and Ji, Shuiwang},
  journal={IEEE transactions on pattern analysis and machine intelligence},
  year={2022},
  publisher={IEEE}
}

@article{liu2022graph,
  title={Graph self-supervised learning: A survey},
  author={Liu, Yixin and Jin, Ming and Pan, Shirui and Zhou, Chuan and Zheng, Yu and Xia, Feng and Yu, Philip},
  journal={IEEE Transactions on Knowledge and Data Engineering},
  year={2022},
  publisher={IEEE}
}

@article{zhu2020deep,
  title={Deep graph contrastive representation learning},
  author={Zhu, Yanqiao and Xu, Yichen and Yu, Feng and Liu, Qiang and Wu, Shu and Wang, Liang},
  journal={arXiv preprint arXiv:2006.04131},
  year={2020}
}

@article{sun2019infograph,
  title={Infograph: Unsupervised and semi-supervised graph-level representation learning via mutual information maximization},
  author={Sun, Fan-Yun and Hoffmann, Jordan and Verma, Vikas and Tang, Jian},
  journal={arXiv preprint arXiv:1908.01000},
  year={2019}
}

@article{velickovic2019deep,
  title={Deep graph infomax.},
  author={Velickovic, Petar and Fedus, William and Hamilton, William L and Li{\`o}, Pietro and Bengio, Yoshua and Hjelm, R Devon},
  journal={ICLR (Poster)},
  volume={2},
  number={3},
  pages={4},
  year={2019}
}

@inproceedings{hassani2020contrastive,
  title={Contrastive multi-view representation learning on graphs},
  author={Hassani, Kaveh and Khasahmadi, Amir Hosein},
  booktitle={International conference on machine learning},
  pages={4116--4126},
  year={2020},
  organization={PMLR}
}

@inproceedings{qiu2020gcc,
  title={Gcc: Graph contrastive coding for graph neural network pre-training},
  author={Qiu, Jiezhong and Chen, Qibin and Dong, Yuxiao and Zhang, Jing and Yang, Hongxia and Ding, Ming and Wang, Kuansan and Tang, Jie},
  booktitle={Proceedings of the 26th ACM SIGKDD international conference on knowledge discovery \& data mining},
  pages={1150--1160},
  year={2020}
}

@article{ding2022data,
  title={Data augmentation for deep graph learning: A survey},
  author={Ding, Kaize and Xu, Zhe and Tong, Hanghang and Liu, Huan},
  journal={ACM SIGKDD Explorations Newsletter},
  volume={24},
  number={2},
  pages={61--77},
  year={2022},
  publisher={ACM New York, NY, USA}
}

@inproceedings{zhao2021data,
  title={Data augmentation for graph neural networks},
  author={Zhao, Tong and Liu, Yozen and Neves, Leonardo and Woodford, Oliver and Jiang, Meng and Shah, Neil},
  booktitle={Proceedings of the aaai conference on artificial intelligence},
  volume={35},
  number={12},
  pages={11015--11023},
  year={2021}
}

@inproceedings{zhou2020data,
  title={Data augmentation for graph classification},
  author={Zhou, Jiajun and Shen, Jie and Xuan, Qi},
  booktitle={Proceedings of the 29th ACM International Conference on Information \& Knowledge Management},
  pages={2341--2344},
  year={2020}
}

@article{marrium2022data,
  title={Data Augmentation for Graph Data: Recent Advancements},
  author={Marrium, Maria and Mahmood, Arif},
  journal={arXiv preprint arXiv:2208.11973},
  year={2022}
}

@inproceedings{zhu2021graph,
  title={Graph contrastive learning with adaptive augmentation},
  author={Zhu, Yanqiao and Xu, Yichen and Yu, Feng and Liu, Qiang and Wu, Shu and Wang, Liang},
  booktitle={Proceedings of the Web Conference 2021},
  pages={2069--2080},
  year={2021}
}

@article{lin2022spectral,
  title={Spectral Augmentation for Self-Supervised Learning on Graphs},
  author={Lin, Lu and Chen, Jinghui and Wang, Hongning},
  journal={arXiv preprint arXiv:2210.00643},
  year={2022}
}

@inproceedings{ghose2023spectral,
  title={Spectral Augmentations for Graph Contrastive Learning},
  author={Ghose, Amur and Zhang, Yingxue and Hao, Jianye and Coates, Mark},
  booktitle={International Conference on Artificial Intelligence and Statistics},
  pages={11213--11266},
  year={2023},
  organization={PMLR}
}

@article{zhang2022spectral,
  title={Spectral Feature Augmentation for Graph Contrastive Learning and Beyond},
  author={Zhang, Yifei and Zhu, Hao and Song, Zixing and Koniusz, Piotr and King, Irwin},
  journal={arXiv preprint arXiv:2212.01026},
  year={2022}
}

@inproceedings{xie2022self2,
  title={Self-supervised representation learning via latent graph prediction},
  author={Xie, Yaochen and Xu, Zhao and Ji, Shuiwang},
  booktitle={International Conference on Machine Learning},
  pages={24460--24477},
  year={2022},
  organization={PMLR}
}

@article{kong2020flag,
  title={Flag: Adversarial data augmentation for graph neural networks},
  author={Kong, Kezhi and Li, Guohao and Ding, Mucong and Wu, Zuxuan and Zhu, Chen and Ghanem, Bernard and Taylor, Gavin and Goldstein, Tom},
  journal={arXiv preprint arXiv:2010.09891},
  year={2020}
}

@inproceedings{verma2021graphmix,
  title={Graphmix: Improved training of gnns for semi-supervised learning},
  author={Verma, Vikas and Qu, Meng and Kawaguchi, Kenji and Lamb, Alex and Bengio, Yoshua and Kannala, Juho and Tang, Jian},
  booktitle={Proceedings of the AAAI conference on artificial intelligence},
  volume={35},
  number={11},
  pages={10024--10032},
  year={2021}
}

@inproceedings{han2022g,
  title={G-mixup: Graph data augmentation for graph classification},
  author={Han, Xiaotian and Jiang, Zhimeng and Liu, Ninghao and Hu, Xia},
  booktitle={International Conference on Machine Learning},
  pages={8230--8248},
  year={2022},
  organization={PMLR}
}

@article{ruiz2020graphon,
  title={Graphon neural networks and the transferability of graph neural networks},
  author={Ruiz, Luana and Chamon, Luiz and Ribeiro, Alejandro},
  journal={Advances in Neural Information Processing Systems},
  volume={33},
  pages={1702--1712},
  year={2020}
}

@article{wei2022understanding,
  title={Understanding non-linearity in graph neural networks from the bayesian-inference perspective},
  author={Wei, Rongzhe and Yin, Haoteng and Jia, Junteng and Benson, Austin R and Li, Pan},
  journal={arXiv preprint arXiv:2207.11311},
  year={2022}
}

@article{wang2022improving,
  title={Improving molecular contrastive learning via faulty negative mitigation and decomposed fragment contrast},
  author={Wang, Yuyang and Magar, Rishikesh and Liang, Chen and Barati Farimani, Amir},
  journal={Journal of Chemical Information and Modeling},
  volume={62},
  number={11},
  pages={2713--2725},
  year={2022},
  publisher={ACS Publications}
}

@inproceedings{fang2022molecular,
  title={Molecular contrastive learning with chemical element knowledge graph},
  author={Fang, Yin and Zhang, Qiang and Yang, Haihong and Zhuang, Xiang and Deng, Shumin and Zhang, Wen and Qin, Ming and Chen, Zhuo and Fan, Xiaohui and Chen, Huajun},
  booktitle={Proceedings of the AAAI Conference on Artificial Intelligence},
  volume={36},
  number={4},
  pages={3968--3976},
  year={2022}
}

@article{zhang2022protein,
  title={Protein representation learning by geometric structure pretraining},
  author={Zhang, Zuobai and Xu, Minghao and Jamasb, Arian and Chenthamarakshan, Vijil and Lozano, Aurelie and Das, Payel and Tang, Jian},
  journal={arXiv preprint arXiv:2203.06125},
  year={2022}
}

@article{liu2022molecular,
  title={Molecular geometry pretraining with se (3)-invariant denoising distance matching},
  author={Liu, Shengchao and Guo, Hongyu and Tang, Jian},
  journal={arXiv preprint arXiv:2206.13602},
  year={2022}
}

@article{chen2020distance,
  title={Distance-wise Graph Contrastive Learning},
  author={Chen, Deli and Lin, Yanyai and Li, Lei and Li, Xuancheng Ren and Zhou, Jie and Sun, Xu and others},
  journal={arXiv preprint arXiv:2012.07437},
  year={2020}
}

@inproceedings{you2020does,
  title={When does self-supervision help graph convolutional networks?},
  author={You, Yuning and Chen, Tianlong and Wang, Zhangyang and Shen, Yang},
  booktitle={International Conference on Machine Learning},
  pages={10871--10880},
  year={2020},
  organization={PMLR}
}

@article{hwang2020self,
  title={Self-supervised Auxiliary Learning with Meta-paths for Heterogeneous Graphs},
  author={Hwang, Dasol and Park, Jinyoung and Kwon, Sunyoung and Kim, Kyung-Min and Ha, Jung-Woo and Kim, Hyunwoo J},
  journal={arXiv preprint arXiv:2007.08294},
  year={2020}
}

@article{chen2020coad,
  title={COAD: Contrastive Pre-training with Adversarial Fine-tuning for Zero-shot Expert Linking},
  author={Chen, Bo and Zhang, Jing and Zhang, Xiaokang and Tang, Xiaobin and Cai, Lingfan and Chen, Hong and Li, Cuiping and Zhang, Peng and Tang, Jie},
  journal={arXiv preprint arXiv:2012.11336},
  year={2020}
}

@inproceedings{hao2021pre,
  title={Pre-Training Graph Neural Networks for Cold-Start Users and Items Representation},
  author={Hao, Bowen and Zhang, Jing and Yin, Hongzhi and Li, Cuiping and Chen, Hong},
  booktitle={Proceedings of the 14th ACM International Conference on Web Search and Data Mining},
  pages={265--273},
  year={2021}
}

@inproceedings{kim2021find,
  title={How to find your friendly neighborhood: Graph attention design with self-supervision},
  author={Kim, Dongkwan and Oh, Alice},
  booktitle={International Conference on Learning Representations},
  year={2021}
}

@inproceedings{gcc,
  title={GCC: Graph contrastive coding for graph neural network pre-training},
  author={Qiu, Jiezhong and Chen, Qibin and Dong, Yuxiao and Zhang, Jing and Yang, Hongxia and Ding, Ming and Wang, Kuansan and Tang, Jie},
  booktitle={Proceedings of the 26th ACM SIGKDD International Conference on Knowledge Discovery \& Data Mining},
  pages={1150--1160},
  year={2020}
}

@inproceedings{10.1145/2623330.2623732,
author = {Perozzi, Bryan and Al-Rfou, Rami and Skiena, Steven},
title = {DeepWalk: Online Learning of Social Representations},
year = {2014},
isbn = {9781450329569},
publisher = {Association for Computing Machinery},
address = {New York, NY, USA},
url = {https://doi.org/10.1145/2623330.2623732},
doi = {10.1145/2623330.2623732},
booktitle = {Proceedings of the 20th ACM SIGKDD International Conference on Knowledge Discovery and Data Mining},
pages = {701–710},
numpages = {10},
keywords = {learning with partial labels, social networks, network classification, latent representations, deep learning, online learning},
location = {New York, New York, USA},
series = {KDD '14}
}

@misc{grover2016node2vec,
      title={node2vec: Scalable Feature Learning for Networks}, 
      author={Aditya Grover and Jure Leskovec},
      year={2016},
      eprint={1607.00653},
      archivePrefix={arXiv},
      primaryClass={cs.SI}
}

@misc{velickovic2018deep,
      title={Deep Graph Infomax}, 
      author={Petar Velickovic and William Fedus and William L. Hamilton and Pietro Lio and Yoshua Bengio and R Devon Hjelm},
      year={2018},
      eprint={1809.10341},
      archivePrefix={arXiv},
      primaryClass={stat.ML}
}

@article{sun2012mining,
  title={Mining heterogeneous information networks: principles and methodologies},
  author={Sun, Yizhou and Han, Jiawei},
  journal={Synthesis Lectures on Data Mining and Knowledge Discovery},
  volume={3},
  number={2},
  pages={1--159},
  year={2012},
  publisher={Morgan \& Claypool Publishers}
}

@inproceedings{dong2017metapath2vec,
  title={metapath2vec: Scalable representation learning for heterogeneous networks},
  author={Dong, Yuxiao and Chawla, Nitesh V and Swami, Ananthram},
  booktitle={Proceedings of the 23rd ACM SIGKDD international conference on knowledge discovery and data mining},
  pages={135--144},
  year={2017}
}

@article{Fu_2020,
   title={MAGNN: Metapath Aggregated Graph Neural Network for Heterogeneous Graph Embedding},
   ISBN={9781450370233},
   url={http://dx.doi.org/10.1145/3366423.3380297},
   DOI={10.1145/3366423.3380297},
   journal={Proceedings of The Web Conference 2020},
   publisher={ACM},
   author={Fu, Xinyu and Zhang, Jiani and Meng, Ziqiao and King, Irwin},
   year={2020},
   month={Apr}
}

@inproceedings{schlichtkrull2018modeling,
  title={Modeling relational data with graph convolutional networks},
  author={Schlichtkrull, Michael and Kipf, Thomas N and Bloem, Peter and Van Den Berg, Rianne and Titov, Ivan and Welling, Max},
  booktitle={European semantic web conference},
  pages={593--607},
  year={2018},
  organization={Springer}
}

@inproceedings{zhang2019heterogeneous,
  title={Heterogeneous graph neural network},
  author={Zhang, Chuxu and Song, Dongjin and Huang, Chao and Swami, Ananthram and Chawla, Nitesh V},
  booktitle={Proceedings of the 25th ACM SIGKDD International Conference on Knowledge Discovery \& Data Mining},
  pages={793--803},
  year={2019}
}

@misc{velickovic2018graph,
      title={Graph Attention Networks}, 
      author={Petar Velickovic and Guillem Cucurull and Arantxa Casanova and Adriana Romero and Pietro Lio and Yoshua Bengio},
      year={2018},
      eprint={1710.10903},
      archivePrefix={arXiv},
      primaryClass={stat.ML}
}

@article{xie2021self,
  title={Self-supervised learning of graph neural networks: A unified review},
  author={Xie, Yaochen and Xu, Zhao and Wang, Zhengyang and Ji, Shuiwang},
  journal={arXiv preprint arXiv:2102.10757},
  year={2021}
}

@article{liu2021graph,
  title={Graph Self-Supervised Learning: A Survey},
  author={Liu, Yixin and Pan, Shirui and Jin, Ming and Zhou, Chuan and Xia, Feng and Yu, Philip S},
  journal={arXiv preprint arXiv:2103.00111},
  year={2021}
}

@article{sun2011pathsim,
  title={Pathsim: Meta path-based top-k similarity search in heterogeneous information networks},
  author={Sun, Yizhou and Han, Jiawei and Yan, Xifeng and Yu, Philip S and Wu, Tianyi},
  journal={Proceedings of the VLDB Endowment},
  volume={4},
  number={11},
  pages={992--1003},
  year={2011},
  publisher={VLDB Endowment}
}

@misc{yun2020graph,
      title={Graph Transformer Networks}, 
      author={Seongjun Yun and Minbyul Jeong and Raehyun Kim and Jaewoo Kang and Hyunwoo J. Kim},
      year={2020},
      eprint={1911.06455},
      archivePrefix={arXiv},
      primaryClass={cs.LG}
}

@inproceedings{hu2020heterogeneous,
  title={Heterogeneous graph transformer},
  author={Hu, Ziniu and Dong, Yuxiao and Wang, Kuansan and Sun, Yizhou},
  booktitle={Proceedings of The Web Conference 2020},
  pages={2704--2710},
  year={2020}
}

@inproceedings{wang2019heterogeneous,
  title={Heterogeneous graph attention network},
  author={Wang, Xiao and Ji, Houye and Shi, Chuan and Wang, Bai and Ye, Yanfang and Cui, Peng and Yu, Philip S},
  booktitle={The World Wide Web Conference},
  pages={2022--2032},
  year={2019}
}

@misc{he2020momentum,
      title={Momentum Contrast for Unsupervised Visual Representation Learning}, 
      author={Kaiming He and Haoqi Fan and Yuxin Wu and Saining Xie and Ross Girshick},
      year={2020},
      eprint={1911.05722},
      archivePrefix={arXiv},
      primaryClass={cs.CV}
}

@article{jang2016categorical,
  title={Categorical reparameterization with gumbel-softmax},
  author={Jang, Eric and Gu, Shixiang and Poole, Ben},
  journal={arXiv preprint arXiv:1611.01144},
  year={2016}
}

@article{vaswani2017attention,
  title={Attention is all you need},
  author={Vaswani, Ashish and Shazeer, Noam and Parmar, Niki and Uszkoreit, Jakob and Jones, Llion and Gomez, Aidan N and Kaiser, Lukasz and Polosukhin, Illia},
  journal={arXiv preprint arXiv:1706.03762},
  year={2017}
}

@article{hamilton2017inductive,
  title={Inductive representation learning on large graphs},
  author={Hamilton, William L and Ying, Rex and Leskovec, Jure},
  journal={arXiv preprint arXiv:1706.02216},
  year={2017}
}

@inproceedings{chen2017task,
  title={Task-guided and path-augmented heterogeneous network embedding for author identification},
  author={Chen, Ting and Sun, Yizhou},
  booktitle={Proceedings of the Tenth ACM International Conference on Web Search and Data Mining},
  pages={295--304},
  year={2017}
}

@inproceedings{fu2017hin2vec,
  title={Hin2vec: Explore meta-paths in heterogeneous information networks for representation learning},
  author={Fu, Tao-yang and Lee, Wang-Chien and Lei, Zhen},
  booktitle={Proceedings of the 2017 ACM on Conference on Information and Knowledge Management},
  pages={1797--1806},
  year={2017}
}

@article{huang2017heterogeneous,
  title={Heterogeneous information network embedding for meta path based proximity},
  author={Huang, Zhipeng and Mamoulis, Nikos},
  journal={arXiv preprint arXiv:1701.05291},
  year={2017}
}

@article{hu2019strategies,
  title={Strategies for pre-training graph neural networks},
  author={Hu, Weihua and Liu, Bowen and Gomes, Joseph and Zitnik, Marinka and Liang, Percy and Pande, Vijay and Leskovec, Jure},
  journal={arXiv preprint arXiv:1905.12265},
  year={2019}
}

@article{narayanan2017graph2vec,
  title={graph2vec: Learning distributed representations of graphs},
  author={Narayanan, Annamalai and Chandramohan, Mahinthan and Venkatesan, Rajasekar and Chen, Lihui and Liu, Yang and Jaiswal, Shantanu},
  journal={arXiv preprint arXiv:1707.05005},
  year={2017}
}

@article{paszke2019pytorch,
  title={Pytorch: An imperative style, high-performance deep learning library},
  author={Paszke, Adam and Gross, Sam and Massa, Francisco and Lerer, Adam and Bradbury, James and Chanan, Gregory and Killeen, Trevor and Lin, Zeming and Gimelshein, Natalia and Antiga, Luca and others},
  journal={arXiv preprint arXiv:1912.01703},
  year={2019}
}

@article{kingma2014adam,
  title={Adam: A method for stochastic optimization},
  author={Kingma, Diederik P and Ba, Jimmy},
  journal={arXiv preprint arXiv:1412.6980},
  year={2014}
}

@inproceedings{fu2019representation,
  title={Representation Learning for Heterogeneous Information Networks via Embedding Events},
  author={Fu, Guoji and Yuan, Bo and Duan, Qiqi and Yao, Xin},
  booktitle={International Conference on Neural Information Processing},
  pages={327--339},
  year={2019},
  organization={Springer}
}

@inproceedings{hussein2018meta,
  title={Are meta-paths necessary? Revisiting heterogeneous graph embeddings},
  author={Hussein, Rana and Yang, Dingqi and Cudr{\'e}-Mauroux, Philippe},
  booktitle={Proceedings of the 27th ACM International Conference on Information and Knowledge Management},
  pages={437--446},
  year={2018}
}

@misc{hjelm2019learning,
      title={Learning deep representations by mutual information estimation and maximization}, 
      author={R Devon Hjelm and Alex Fedorov and Samuel Lavoie-Marchildon and Karan Grewal and Phil Bachman and Adam Trischler and Yoshua Bengio},
      year={2019},
      eprint={1808.06670},
      archivePrefix={arXiv},
      primaryClass={stat.ML}
}

@misc{bachman2019learning,
      title={Learning Representations by Maximizing Mutual Information Across Views}, 
      author={Philip Bachman and R Devon Hjelm and William Buchwalter},
      year={2019},
      eprint={1906.00910},
      archivePrefix={arXiv},
      primaryClass={cs.LG}
}

@misc{oord2019representation,
      title={Representation Learning with Contrastive Predictive Coding}, 
      author={Aaron van den Oord and Yazhe Li and Oriol Vinyals},
      year={2019},
      eprint={1807.03748},
      archivePrefix={arXiv},
      primaryClass={cs.LG}
}

@inproceedings{gutmann2010noise,
  title={Noise-contrastive estimation: A new estimation principle for unnormalized statistical models},
  author={Gutmann, Michael and Hyv{\"a}rinen, Aapo},
  booktitle={Proceedings of the Thirteenth International Conference on Artificial Intelligence and Statistics},
  pages={297--304},
  year={2010},
  organization={JMLR Workshop and Conference Proceedings}
}

@misc{chen2020big,
    title={Big Self-Supervised Models are Strong Semi-Supervised Learners},
    author={Ting Chen and Simon Kornblith and Kevin Swersky and Mohammad Norouzi and Geoffrey Hinton},
    year={2020},
    eprint={2006.10029},
    archivePrefix={arXiv},
    primaryClass={cs.LG}
}

@inproceedings{babiloni2020tesa,
  title={TESA: Tensor Element Self-Attention via Matricization},
  author={Babiloni, Francesca and Marras, Ioannis and Slabaugh, Gregory and Zafeiriou, Stefanos},
  booktitle={Proceedings of the IEEE/CVF Conference on Computer Vision and Pattern Recognition},
  pages={13945--13954},
  year={2020}
}

@book{gumbel1954statistical,
  title={Statistical theory of extreme values and some practical applications: a series of lectures},
  author={Gumbel, Emil Julius},
  volume={33},
  year={1954},
  publisher={US Government Printing Office}
}

@article{maddison2014sampling,
  title={A* sampling},
  author={Maddison, Chris J and Tarlow, Daniel and Minka, Tom},
  journal={arXiv preprint arXiv:1411.0030},
  year={2014}
}

@inproceedings{li2019graph,
  title={Graph matching networks for learning the similarity of graph structured objects},
  author={Li, Yujia and Gu, Chenjie and Dullien, Thomas and Vinyals, Oriol and Kohli, Pushmeet},
  booktitle={International Conference on Machine Learning},
  pages={3835--3845},
  year={2019},
  organization={PMLR}
}

@inproceedings{dong2019searching,
  title={Searching for a robust neural architecture in four gpu hours},
  author={Dong, Xuanyi and Yang, Yi},
  booktitle={Proceedings of the IEEE/CVF Conference on Computer Vision and Pattern Recognition},
  pages={1761--1770},
  year={2019}
}

@INPROCEEDINGS{gori2005graph,
  author={Gori, M. and Monfardini, G. and Scarselli, F.},
  booktitle={Proceedings. 2005 IEEE International Joint Conference on Neural Networks, 2005.}, 
  title={A new model for learning in graph domains}, 
  year={2005},
  volume={2},
  number={},
  pages={729-734 vol. 2},
  doi={10.1109/IJCNN.2005.1555942}}
  
  @misc{zhu2020graph,
    title={Graph Contrastive Learning with Adaptive Augmentation},
    author={Yanqiao Zhu and Yichen Xu and Feng Yu and Qiang Liu and Shu Wu and Liang Wang},
    year={2020},
    eprint={2010.14945},
    archivePrefix={arXiv},
    primaryClass={cs.LG}
}

 @misc{shakibian2017, 
     title={Mutual information model for link prediction in heterogeneous complex networks},
     url={https://www.nature.com/articles/srep44981#Abs1},
     journal={Nature News},
     publisher={Nature Publishing Group}, author={Shakibian, Hadi and Charkari, Nasrollah  Moghadam},
     year={2017}
 } 
 
 @article{li2020leveraging,
  title={Leveraging Meta-path Contexts for Classification in Heterogeneous Information Networks},
  author={Li, Xiang and Ding, Danhao and Kao, Ben and Sun, Yizhou and Mamoulis, Nikos},
  journal={arXiv preprint arXiv:2012.10024},
  year={2020}
}

@article{bevilacqua2023neural,
  title={Neural Algorithmic Reasoning with Causal Regularisation},
  author={Bevilacqua, Beatrice and Nikiforou, Kyriacos and Ibarz, Borja and Bica, Ioana and Paganini, Michela and Blundell, Charles and Mitrovic, Jovana and Veli{\v{c}}kovi{\'c}, Petar},
  journal={arXiv preprint arXiv:2302.10258},
  year={2023}
}

@article{suresh2021adversarial,
  title={Adversarial graph augmentation to improve graph contrastive learning},
  author={Suresh, Susheel and Li, Pan and Hao, Cong and Neville, Jennifer},
  journal={Advances in Neural Information Processing Systems},
  volume={34},
  pages={15920--15933},
  year={2021}
}

@inproceedings{yin2022autogcl,
  title={Autogcl: Automated graph contrastive learning via learnable view generators},
  author={Yin, Yihang and Wang, Qingzhong and Huang, Siyu and Xiong, Haoyi and Zhang, Xiang},
  booktitle={Proceedings of the AAAI Conference on Artificial Intelligence},
  volume={36},
  number={8},
  pages={8892--8900},
  year={2022}
}

@article{tishby2000information,
  title={The information bottleneck method},
  author={Tishby, Naftali and Pereira, Fernando C and Bialek, William},
  journal={arXiv preprint physics/0004057},
  year={2000}
}

@article{xu2021infogcl,
  title={Infogcl: Information-aware graph contrastive learning},
  author={Xu, Dongkuan and Cheng, Wei and Luo, Dongsheng and Chen, Haifeng and Zhang, Xiang},
  journal={Advances in Neural Information Processing Systems},
  volume={34},
  pages={30414--30425},
  year={2021}
}

@inproceedings{you2023graph,
  title={Graph Domain Adaptation via Theory-Grounded Spectral Regularization},
  author={You, Yuning and Chen, Tianlong and Wang, Zhangyang and Shen, Yang},
  booktitle={The Eleventh International Conference on Learning Representations},
  year={2023}
}

@inproceedings{bevilacqua2021size,
  title={Size-invariant graph representations for graph classification extrapolations},
  author={Bevilacqua, Beatrice and Zhou, Yangze and Ribeiro, Bruno},
  booktitle={International Conference on Machine Learning},
  pages={837--851},
  year={2021},
  organization={PMLR}
}

@article{trivedi2022analyzing,
  title={Analyzing data-centric properties for graph contrastive learning},
  author={Trivedi, Puja and Lubana, Ekdeep S and Heimann, Mark and Koutra, Danai and Thiagarajan, Jayaraman},
  journal={Advances in Neural Information Processing Systems},
  volume={35},
  pages={14030--14043},
  year={2022}
}

@article{du2020few,
  title={Few-shot learning via learning the representation, provably},
  author={Du, Simon S and Hu, Wei and Kakade, Sham M and Lee, Jason D and Lei, Qi},
  journal={arXiv preprint arXiv:2002.09434},
  year={2020}
}

@article{haochen2021provable,
  title={Provable guarantees for self-supervised deep learning with spectral contrastive loss},
  author={HaoChen, Jeff Z and Wei, Colin and Gaidon, Adrien and Ma, Tengyu},
  journal={Advances in Neural Information Processing Systems},
  volume={34},
  pages={5000--5011},
  year={2021}
}

@article{gao2010survey,
  title={A survey of graph edit distance},
  author={Gao, Xinbo and Xiao, Bing and Tao, Dacheng and Li, Xuelong},
  journal={Pattern Analysis and applications},
  volume={13},
  pages={113--129},
  year={2010},
  publisher={Springer}
}

@inproceedings{wang2021self,
  title={Self-supervised heterogeneous graph neural network with co-contrastive learning},
  author={Wang, Xiao and Liu, Nian and Han, Hui and Shi, Chuan},
  booktitle={Proceedings of the 27th ACM SIGKDD conference on knowledge discovery \& data mining},
  pages={1726--1736},
  year={2021}
}

@inproceedings{zhu2022structure,
  title={Structure-enhanced heterogeneous graph contrastive learning},
  author={Zhu, Yanqiao and Xu, Yichen and Cui, Hejie and Yang, Carl and Liu, Qiang and Wu, Shu},
  booktitle={Proceedings of the 2022 SIAM International Conference on Data Mining (SDM)},
  pages={82--90},
  year={2022},
  organization={SIAM}
}

@inproceedings{chen2023heterogeneous,
  title={Heterogeneous Graph Contrastive Learning for Recommendation},
  author={Chen, Mengru and Huang, Chao and Xia, Lianghao and Wei, Wei and Xu, Yong and Luo, Ronghua},
  booktitle={Proceedings of the Sixteenth ACM International Conference on Web Search and Data Mining},
  pages={544--552},
  year={2023}
}

@inproceedings{jiang2021contrastive,
  title={Contrastive pre-training of gnns on heterogeneous graphs},
  author={Jiang, Xunqiang and Lu, Yuanfu and Fang, Yuan and Shi, Chuan},
  booktitle={Proceedings of the 30th ACM International Conference on Information \& Knowledge Management},
  pages={803--812},
  year={2021}
}

@article{zhu2021structure,
  title={Structure-aware hard negative mining for heterogeneous graph contrastive learning},
  author={Zhu, Yanqiao and Xu, Yichen and Cui, Hejie and Yang, Carl and Liu, Qiang and Wu, Shu},
  journal={arXiv preprint arXiv:2108.13886},
  year={2021}
}

@inproceedings{wang2023heterogeneous,
  title={Heterogeneous Graph Contrastive Multi-view Learning},
  author={Wang, Zehong and Li, Qi and Yu, Donghua and Han, Xiaolong and Gao, Xiao-Zhi and Shen, Shigen},
  booktitle={Proceedings of the 2023 SIAM International Conference on Data Mining (SDM)},
  pages={136--144},
  year={2023},
  organization={SIAM}
}

@inproceedings{zhao2021multi,
  title={Multi-view Self-supervised Heterogeneous Graph Embedding},
  author={Zhao, Jianan and Wen, Qianlong and Sun, Shiyu and Ye, Yanfang and Zhang, Chuxu},
  booktitle={Machine Learning and Knowledge Discovery in Databases. Research Track: European Conference, ECML PKDD 2021, Bilbao, Spain, September 13--17, 2021, Proceedings, Part II 21},
  pages={319--334},
  year={2021},
  organization={Springer}
}

@article{peng2021end,
  title={An end-to-end heterogeneous graph representation learning-based framework for drug--target interaction prediction},
  author={Peng, Jiajie and Wang, Yuxian and Guan, Jiaojiao and Li, Jingyi and Han, Ruijiang and Hao, Jianye and Wei, Zhongyu and Shang, Xuequn},
  journal={Briefings in bioinformatics},
  volume={22},
  number={5},
  pages={bbaa430},
  year={2021},
  publisher={Oxford University Press}
}

@article{you2022cross,
  title={Cross-modality and self-supervised protein embedding for compound--protein affinity and contact prediction},
  author={You, Yuning and Shen, Yang},
  journal={Bioinformatics},
  volume={38},
  number={Supplement\_2},
  pages={ii68--ii74},
  year={2022},
  publisher={Oxford University Press}
}

@inproceedings{zhao2020network,
  title={Network schema preserving heterogeneous information network embedding},
  author={Zhao, Jianan and Wang, Xiao and Shi, Chuan and Liu, Zekuan and Ye, Yanfang},
  booktitle={International Joint Conference on Artificial Intelligence (IJCAI)},
  year={2020}
}

@inproceedings{li2021leveraging,
  title={Leveraging meta-path contexts for classification in heterogeneous information networks},
  author={Li, Xiang and Ding, Danhao and Kao, Ben and Sun, Yizhou and Mamoulis, Nikos},
  booktitle={2021 IEEE 37th International Conference on Data Engineering (ICDE)},
  pages={912--923},
  year={2021},
  organization={IEEE}
}

@inproceedings{hu2019adversarial,
  title={Adversarial learning on heterogeneous information networks},
  author={Hu, Binbin and Fang, Yuan and Shi, Chuan},
  booktitle={Proceedings of the 25th ACM SIGKDD International Conference on Knowledge Discovery \& Data Mining},
  pages={120--129},
  year={2019}
}

@inproceedings{jin2018junction,
  title={Junction tree variational autoencoder for molecular graph generation},
  author={Jin, Wengong and Barzilay, Regina and Jaakkola, Tommi},
  booktitle={International conference on machine learning},
  pages={2323--2332},
  year={2018},
  organization={PMLR}
}

@inproceedings{luo2021graphdf,
  title={Graphdf: A discrete flow model for molecular graph generation},
  author={Luo, Youzhi and Yan, Keqiang and Ji, Shuiwang},
  booktitle={International Conference on Machine Learning},
  pages={7192--7203},
  year={2021},
  organization={PMLR}
}

@article{liu2022generating,
  title={Generating 3d molecules for target protein binding},
  author={Liu, Meng and Luo, Youzhi and Uchino, Kanji and Maruhashi, Koji and Ji, Shuiwang},
  journal={arXiv preprint arXiv:2204.09410},
  year={2022}
}
