@inproceedings{dwork2006calibrating,
  title={Calibrating noise to sensitivity in private data analysis},
  author={Dwork, C. and McSherry, F. and Nissim, K. and Smith, A.},
  booktitle={Th. of Cryptography},
  pages={265--284},
  year={2006}
}

@article{dwork2013algorithmic,
  title={The algorithmic foundations of differential privacy},
  author={Dwork, C. and Roth, A.},
  journal={Theoretical Computer Science},
  volume={9},
  number={3-4},
  pages={211--407},
  year={2013}
}

@inproceedings{song2017pufferfish,
  title={Pufferfish privacy mechanisms for correlated data},
  author={Song, S. and Wang, Y. and Chaudhuri, K.},
  booktitle={Proceedings of the 2017 ACM International Conference on Management of Data},
  pages={1291--1306},
  year={2017},
  organization={ACM}
}

@article{kifer2014pufferfish,
  title={Pufferfish: A framework for mathematical privacy definitions},
  author={Kifer, D. and Machanavajjhala, A.},
  journal={TODS},
  volume={39},
  number={1},
  pages={3},
  year={2014},
  publisher={ACM}
}

@inproceedings{kusner2017counterfactual,
  title={Counterfactual fairness},
  author={Kusner, M.J. and Loftus, J. and Russell, C. and Silva, R.},
  booktitle={NeurIPS},
  pagesREMOVEDFORSPACE={4069--4079},
  year={2017}
}

@book{executive2016big,
  title={Big data: A report on algorithmic systems, opportunity, and civil rights},
  author={Munoz, C. and M. Smith and D.J. Patil},
  year={2016},
  publisher={Exec. Office of the President}
}

@inproceedings{bolukbasi2016man,
title = {Man is to Computer Programmer as Woman is to Homemaker? {D}ebiasing Word Embeddings},
author = {Bolukbasi, T. and Chang, K.-W. and Zou, J.Y. and Saligrama, V. and Kalai, A.T.},
booktitle = {Advances in NeurIPS},
year = {2016}
}

@book{noble2018algorithms,
  title={Algorithms of Oppression: How Search Engines Reinforce Racism},
  author={Noble, S.U.},
  year={2018},
  publisher={NYU Press}
}

@article{crawford2016artificial,
  title={Artificial intelligence's white guy problem},
  author={Crawford, K.},
  journal={The New York Times},
  year={2016}
}

@inproceedings{dwork2012fairness,
  title={Fairness through awareness},
  author={Dwork, C. and Hardt, M. and Pitassi, T. and Reingold, O. and Zemel, R.},
  booktitle={Proceedings of ITCS},
  pages={214--226},
  year={2012},
  organizationRemovedToSaveALine={ACM}
}
@article{knight2017forget,
  title={Forget Killer Robots---Bias Is the Real {AI} Danger},
  author={Knight, W.},
  journal={MIT Technology Review},
  year={2017}
}

@article{crenshaw1989demarginalizing,
  title={Demarginalizing the intersection of race and sex: A {B}lack feminist critique of antidiscrimination doctrine, feminist theory and antiracist politics},
  author={Crenshaw, K.},
  journal={U. Chi. Legal F.},
  pages={139--167},
  year={1989},
  publisher={HeinOnline}
}

@article{angwin2016machine,
  title={Machine bias: There's software used across the country to predict future criminals. and it's biased against blacks},
  author={Angwin, J. and Larson, J. and Mattu, S. and Kirchner, L.},
  journal={ProPublica, May},
  volume={23},
  year={2016}
}

@book{verschelden2017bandwidth,
  title={Bandwidth Recovery: Helping Students Reclaim Cognitive Resources Lost to Poverty, Racism, and Social Marginalization},
  author={Verschelden, C.},
  year={2017},
  publisher={Stylus}
}

@inproceedings{goodfellow2014generative,
  title={Generative adversarial nets},
  author={Goodfellow, I. and Pouget-Abadie, J. and Mirza, M. and Xu, B. and Warde-Farley, D. and Ozair, S. and Courville, A. and Bengio, Y.},
  booktitle={Advances in NeurIPS},
  pages={2672--2680},
  year={2014}
}

@book{campolo2017ai,
title = {{AI} {N}ow 2017 Symposium Report},
author={A. Campolo and M. Sanfilippo and M. Whittaker and K. Crawford, A. Selbst and S. Barocas},
year = {2017},
publisher = {AI Now}
}

@article{ingold2016amazon,
title = {Amazon Doesn't Consider the Race of Its Customers. {S}hould It?},
author= {D. Ingold and S. Soper},
journal ={Bloomberg},
year = {2016}
}

@book{hooks1981ain,
  title={Ain't {I} a Woman: Black Women and Feminism},
  author={hooks, b.},
  publisher={South End Press},
  year={1981}
}

@book{hooks2000feminism,
  title={Feminism is for everybody: Passionate politics},
  author={hooks, b.},
  year={2000},
  publisher={Pluto Press}
}

@book{davis2011prisons,
  title={Are prisons obsolete?},
  author={Davis, A.Y.},
  year={2011},
  publisher={Seven Stories Press}
}

@article{simoiu2017problem,
  title={The problem of infra-marginality in outcome tests for discrimination},
  author={Simoiu, C. and Corbett-Davies, S. and Goel, S. and others},
  journal={The Annals of Applied Statistics},
  volume={11},
  number={3},
  pages={1193--1216},
  year={2017},
  publisher={Institute of Mathematical Statistics}
}

@inproceedings{hardt2016equality,
  title={Equality of opportunity in supervised learning},
  author={Hardt, M. and Price, E. and Srebro, N. and others},
  booktitle={Advances in NeurIPS},
  pages={3315--3323},
  year={2016}
}

@article{starmans2017people,
  title={Why people prefer unequal societies},
  author={Starmans, C. and Sheskin, M. and Bloom, P.},
  journal={Nature Human Behaviour},
  volume={1},
  number={4},
  pages={0082},
  year={2017},
  publisher={Nature Publishing Group}
}

@incollection{collective1977black,
  title={A {B}lack Feminist Statement},
  author={{Combahee River Collective}},
  year={1978},
  booktitle={Capitalist Patriarchy and the Case for Socialist Feminism},
  editor={Z. Eisenstein},
  publisher={Monthly Review Press, New York}
}

@article{berk2017convex,
  title={A convex framework for fair regression},
  author={Berk, R. and Heidari, H. and Jabbari, S. and Joseph, M. and Kearns, M. and Morgenstern, J. and Neel, S. and Roth, A.},
  journal={FAT/ML Workshop},
  year={2017}
}

@incollection{lorde1984age,
  title={Age, race, class, and sex: Women redefining difference},
  author={Lorde, A.},
  booktitle={Sister Outsider},
  publisher={Ten Speed Press},
  pages={114--124},
  year={1984}
}

@book{collins2002black,
  title={Black feminist thought: Knowledge, consciousness, and the politics of empowerment (2nd ed.)},
  author={Collins, P.H.},
  year={2002 [1990]},
  publisher={Routledge}
}

@misc{truth1851aint,
  title={Ain't {I} A Woman?},
  author={S. Truth},
  note={Speech delivered at Women's Rights Convention, Akron, Ohio},
  year={1851}
}

@article{pearl2014comment,
  title={Comment: understanding {S}impson's paradox},
  author={Pearl, J.},
  journal={The American Statistician},
  volume={68},
  number={1},
  pages={8--13},
  year={2014},
  publisher={Taylor \& Francis}
}

@article{berk2017fairness,
  title={Fairness in Criminal Justice Risk Assessments: The State of the Art},
  author={Berk, R. and Heidari, H. and Jabbari, S. and Kearns, M. and Roth, A.},
  journal={In Sociological Methods and Research},
  volume={1050},
  pages={28},
  year={2018}
}

@inproceedings{kohavi-nbtree,
   author={R. Kohavi},
   title={Scaling Up the Accuracy of Naive-{B}ayes Classifiers: a Decision-Tree Hybrid},
   booktitle={Proceedings of SIGKDD},
   year = {1996},
   pages={202--207}
}


@article{barocas2016big,
	title={Big data's disparate impact},
	author={Barocas, S. and Selbst, A.D.},
	journal={Cal. L. Rev.},
	volume={104},
	pages={671},
	year={2016},
	publisher={HeinOnline}
}


@inproceedings{zhao2017men,
	title={Men also like shopping: Reducing gender bias amplification using corpus-level constraints},
	author={Zhao, J. and Wang, T. and Yatskar, M. and Ordonez, V. and Chang, K.-W.},
	booktitle={Proceedings of EMNLP},
	year={2017}
}

@inproceedings{pleiss2017fairness,
	title={On fairness and calibration},
	author={Pleiss, G. and Raghavan, M. and Wu, F. and Kleinberg, J. and Weinberger, K.Q.},
	booktitle={Advances in NeurIPS},
	pages={5684--5693},
	year={2017}
}

@article{hunt2005redlining,
	title={Redlining},
	author={Hunt, D.B.},
	journal={Encyclopedia of Chicago},
	year={2005}
}

@inproceedings{buolamwini2018gender,
	title={Gender shades: Intersectional accuracy disparities in commercial gender classification},
	author={Buolamwini, J. and Gebru, T.},
	booktitle={FAT*},
	pagesRemovedToSaveALine={77--91},
	year={2018}
}

@inproceedings{kearns2018preventing,
	title={Preventing Fairness Gerrymandering: Auditing and Learning for Subgroup Fairness},
	author={Kearns, M. and Neel, S. and Roth, A. and Wu, Z.S.},
	booktitle={Proc. of ICML, PMLR 80},
	pages={2569--2577},
	year={2018}
}

@InProceedings{hebert-johnson2018multicalibration,
	title = 	 {Multicalibration: Calibration for the ({C}omputationally-Identifiable) Masses},
	author = 	 {Hebert-Johnson, U. and Kim, M. and Reingold, O. and Rothblum, G.},
	booktitle = 	 {ICML, PMLR 80},
	pages = 	 {1944--1953},
	year = 	 {2018},
	editorRemovedToSaveALine = 	 {Dy, J. and Krause, A.},
	month = 	 {10--15 Jul},
	pdf = 	 {http://proceedings.mlr.press/v80/hebert-johnson18a/hebert-johnson18a.pdf},
	url = 	 {http://proceedings.mlr.press/v80/hebert-johnson18a.html},
	abstract = 	 {We develop and study multicalibration as a new measure of fairness in machine learning that aims to mitigate inadvertent or malicious discrimination that is introduced at training time (even from ground truth data). Multicalibration guarantees meaningful (calibrated) predictions for every subpopulation that can be identified within a specified class of computations. The specified class can be quite rich; in particular, it can contain many overlapping subgroups of a protected group. We demonstrate that in many settings this strong notion of protection from discrimination is provably attainable and aligned with the goal of obtaining accurate predictions. Along the way, we present algorithms for learning a multicalibrated predictor, study the computational complexity of this task, and illustrate tight connections to the agnostic learningmodel.}
}


@inproceedings{beutel2017data,
	title={Data decisions and theoretical implications when adversarially learning fair representations},
	author={Beutel, A. and Chen, J. and Zhao, Z. and Chi, E.H.},
	booktitle={FAT/ML Workshop},
	year={2017}
}

@article{Cowles96,
	title = "Markov Chain {M}onte {C}arlo Convergence Diagnostics: A Comparative Review",
	author = "Cowles, M.K. and Carlin, B.P.",
	year = "1996",
	volume = "91",
	pages = "883--904",
	journal = "Journal of the American Statistical Association",
	number = "434",
}

@article{charig1986comparison,
	title={Comparison of treatment of renal calculi by open surgery, percutaneous nephrolithotomy, and extracorporeal shockwave lithotripsy.},
	author={Charig, C.R. and Webb, D.R. and Payne, S.R. and Wickham, J.E.},
	journal={British Medical Journal (BMJ) (Clin Res Ed)},
	volume={292},
	number={6524},
	pages={879--882},
	year={1986},
	publisher={British Medical Journal Publishing Group}
}

@article{julious1994confounding,
	title={Confounding and Simpson's paradox},
	author={Julious, S.A. and Mullee, M.A.},
	journal={British Medical Journal (BMJ)},
	volume={309},
	number={6967},
	pages={1480--1481},
	year={1994},
	publisher={British Medical Journal Publishing Group}
}

@article{wald2003defining,
	title={Defining and redirecting a school-to-prison pipeline},
	author={Wald, J. and Losen, D.J.},
	journal={New directions for youth development},
	volume={2003},
	number={99},
	pages={9--15},
	year={2003},
	publisher={Wiley Online Library}
}

@article{eeoc1966guidelines,
    author ={{Equal Employment Opportunity Commission}},
    title = {Guidelines on Employee Selection Procedures},
    location = {Washington, D.C.},
    year = {1978},
    journal = {C.F.R.},
    volume = {29.1607},
}

@article{roth2006modeling,
  title={Modeling the behavior of the 4/5ths rule for determining adverse impact: Reasons for caution.},
  author={Roth, P.L. and Bobko, P. and Switzer III, F.S.},
  journal={Journal of Applied Psychology},
  volume={91},
  number={3},
  pages={507},
  year={2006},
  publisher={American Psychological Association}
}

@article{collins2008testing,
  title={Testing for adverse impact when sample size is small.},
  author={Collins, M.W. and Morris, S.B.},
  journal={Journal of Applied Psychology},
  volume={93},
  number={2},
  pages={463},
  year={2008},
  publisher={American Psychological Association}
}

@book{grant2011injustice,
  title={Injustice at every turn: A report of the national transgender discrimination survey},
  author={Grant, J.M. and Mottet, L. and Tanis, J.E. and Harrison, J. and Herman, J. and Keisling, M.},
  year={2011},
  publisher={National Center for Transgender Equality}
}

@book{alexander2012new,
  title={The new Jim Crow: Mass incarceration in the age of colorblindness},
  author={Alexander, M.},
  year={2012},
  publisher={T. N. P.}
}

@article{mitchell2018prediction,
  title={Prediction-Based Decisions and Fairness: A Catalogue of Choices, Assumptions, and Definitions},
  author={Mitchell, S. and Potash, E. and Barocas, S.},
  journal={arXiv preprint arXiv:1811.07867},
  year={2018}
}

@article{dastin2018amazon,
  title={Amazon scraps secret {AI} recruiting tool that showed bias against women},
  author={J. Dastin},
  journal={Reuters},
  year={2018},
url_ignore_this_field={https://www.reuters.com/article/us-amazon-com-jobs-automation-insight/amazon-scraps-secret-ai-recruiting-tool-that-showed-bias-against-women-idUSKCN1MK08G}
}

@article{lorenz1905methods,
  title={Methods of measuring the concentration of wealth},
  author={Lorenz, M.O.},
  journal={Publications of the American Stat. Assoc.},
  volume={9},
  number={70},
  pages={209--219},
  year={1905},
  publisher={Taylor \& Francis Group}
}

@inproceedings{keyes2019mulching,
  title={A Mulching Proposal: Analysing and Improving an Algorithmic System for Turning the Elderly into High-Nutrient Slurry},
  author={Keyes, O. and Hutson, J. and Durbin, M.},
  booktitle={Extended Abstracts of the 2019 CHI Conference on Human Factors in Computing Systems},
  year={2019},
  organization={ACM}
}

@article{jagielski2018differentially,
  title={Differentially private fair learning},
  author={Jagielski, Matthew and Kearns, Michael and Mao, Jieming and Oprea, Alina and Roth, Aaron and Sharifi-Malvajerdi, Saeed and Ullman, Jonathan},
  journal={arXiv preprint arXiv:1812.02696},
  year={2018}
}

@inproceedings{donini2018empirical,
  title={Empirical risk minimization under fairness constraints},
  author={Donini, Michele and Oneto, Luca and Ben-David, Shai and Shawe-Taylor, John S and Pontil, Massimiliano},
  booktitle={Advances in Neural Information Processing Systems},
  pages={2791--2801},
  year={2018}
}

@inproceedings{zafar2015fairness,
  title={Fairness constraints: Mechanisms for fair classification},
  author={Zafar, M.B. and Valera, I. and Rodriguez, M.G. and Gummadi, K.P.},
  booktitle={AISTATS},
  year={2017}
}

@inproceedings{zafar2017parity,
  title={From parity to preference-based notions of fairness in classification},
  author={Zafar, Muhammad Bilal and Valera, Isabel and Rodriguez, Manuel and Gummadi, Krishna and Weller, Adrian},
  booktitle={Advances in Neural Information Processing Systems},
  pages={229--239},
  year={2017}
}


@inproceedings{salimi2019interventional,
	title={Interventional fairness: Causal database repair for algorithmic fairness},
	author={Salimi, B. and Rodriguez, L. and Howe, B. and Suciu, D.},
	booktitle={Proceedings of the 2019 Int. Conf. on Management of Data},
	pages={793--810},
	year={2019}
}

@article{barrett2019emotional,
  title={Emotional expressions reconsidered: Challenges to inferring emotion from human facial movements},
  author={Barrett, Lisa Feldman and Adolphs, Ralph and Marsella, Stacy and Martinez, Aleix M and Pollak, Seth D},
  journal={Psychological science in the public interest},
  volume={20},
  number={1},
  pages={1--68},
  year={2019},
  publisher={Sage Publications Sage CA: Los Angeles, CA}
}

@article{lowry1988blot,
  title={A blot on the profession},
  author={Lowry, Stella and Macpherson, Gordon},
  journal={British medical journal (Clinical research ed.)},
  volume={296},
  number={6623},
  pages={657},
  year={1988},
  publisher={BMJ Publishing Group}
}

@article{beede2011women,
  title={Women in STEM: A gender gap to innovation},
  author={Beede, David N and Julian, Tiffany A and Langdon, David and McKittrick, George and Khan, Beethika and Doms, Mark E},
  journal={Economics and Statistics Administration Issue Brief},
  volume={04-11},
  year={2011}
}

@article{cox1991managing,
  title={Managing cultural diversity: Implications for organizational competitiveness},
  author={Cox, Taylor H and Blake, Stacy},
  journal={Academy of Management Perspectives},
  volume={5},
  number={3},
  pages={45--56},
  year={1991},
  publisher={Academy of Management Briarcliff Manor, NY 10510}
}

@article{crawford2019ai,
  title={{AI} {N}ow 2019 report},
  author={Crawford, Kate and Dobbe, Roel and Dryer, Theodora and Fried, Genevieve and Green, Ben and Kaziunas, Elizabeth and Kak, Amba and Mathur, Varoon and McElroy, Erin and S{\'a}nchez, Andrea Nill and others},
  journal={New York, NY: AI Now Institute},
  year={2019}
}

@article{bell2011voice,
  title={Voice, silence, and diversity in 21st century organizations: Strategies for inclusion of gay, lesbian, bisexual, and transgender employees},
  author={Bell, Myrtle P and {\"O}zbilgin, Mustafa F and Beauregard, T Alexandra and S{\"u}rgevil, Olca},
  journal={Human resource management},
  volume={50},
  number={1},
  pages={131--146},
  year={2011},
  publisher={Wiley Online Library}
}

@incollection{hartsock1983feminist,
  title={The feminist standpoint: Developing the ground for a specifically feminist historical materialism},
  author={Hartsock, Nancy CM},
  booktitle={Discovering reality},
  pages={283--310},
  year={1983},
  publisher={Springer}
}

@MISC{Landeau2020,
   author =       "Alexandre Landeau",
   title =        "Measuring Fairness in Machine Learning Models",
   editor =       "Medium",
   month =        "September",
   year =         "2020",
   url =          "\url{https://medium.com/data-from-the-trenches/measuring-fairness-in-machine-learning-models-2be070fab712}",
   note =         "[Online; posted September 18-2020]",
 }

@misc{corbettdavies2018measure,
      title={The Measure and Mismeasure of Fairness: A Critical Review of Fair Machine Learning}, 
      author={Sam Corbett-Davies and Sharad Goel},
      year={2018},
      eprint={1808.00023},
      archivePrefix={arXiv},
      primaryClass={cs.CY}
}

@misc{Hardt2016approaching,
   author =       "Moritz Hardt",
   title =        "Approaching fairness in machine learning",
   month =        "September",
   year =         "2016",
   url =          "\url{http://blog.mrtz.org/2016/09/06/approaching-fairness.html}",
   note =         "[Online; posted September 6, 2016] \url{http://blog.mrtz.org/2016/09/06/approaching-fairness.html}"
 }

@article{ayres2002outcome,
  title={Outcome tests of racial disparities in police practices},
  author={Ayres, Ian},
  journal={Justice research and Policy},
  volume={4},
  number={1-2},
  pages={131--142},
  year={2002},
  publisher={SAGE Publications Sage CA: Los Angeles, CA}
}

@book{page2008difference,
  title={The difference: How the power of diversity creates better groups, firms, schools, and societies-new edition},
  author={Page, Scott E},
  year={2008},
  publisher={Princeton University Press}
}

@article{nabi2019learning,
  title={Learning optimal fair policies},
  author={Nabi, Razieh and Malinsky, Daniel and Shpitser, Ilya},
  journal={Proceedings of machine learning research},
  volume={97},
  pages={4674},
  year={2019},
  publisher={NIH Public Access}
}

@inproceedings{nabi2018fair,
  title={Fair inference on outcomes},
  author={Nabi, Razieh and Shpitser, Ilya},
  booktitle={Proceedings of the AAAI Conference on Artificial Intelligence},
  volume={2018},
  pages={1931},
  year={2018}
}

@article{bickel1975sex,
  title={Sex bias in graduate admissions: Data from {B}erkeley},
  author={Bickel, Peter J and Hammel, Eugene A and O'Connell, J William},
  journal={Science},
  volume={187},
  number={4175},
  pages={398--404},
  year={1975},
  publisher={American Association for the Advancement of Science}
}

@book{weisskopf2004affirmative,
  title={Affirmative action in the United States and India: A comparative perspective},
  author={Weisskopf, Thomas E},
  year={2004},
  publisher={Routledge}
}

@inproceedings{kearns2019average,
  title={Average Individual Fairness: Algorithms, Generalization and Experiments},
  author={Kearns, Michael and Roth, Aaron and Sharifi-Malvajerdi, Saeed},
  booktitle={Advances in Neural Information Processing Systems},
  pages={8242--8251},
  year={2019}
}

@MISC{applecard,
   author =       "Evelina Nedlund",
   title =        "Apple Card is accused of gender bias. Here's how that can happen",
   editor =       "CNN Business",
   month =        "November",
   year =         "2019",
   url =          "\url{https://www.cnn.com/2019/11/12/business/apple-card-gender-bias/index.html}",
   note =         "[CNN Business. Online; posted November 12,2019] \url{https://www.cnn.com/2019/11/12/business/apple-card-gender-bias/index.html} ",
 }


@inproceedings{20plusdefinitionssuervey,
author = {Verma, Sahil and Rubin, Julia},
year = {2018},
month = {05},
pages = {1-7},
title = {Fairness definitions explained},
doi = {10.1145/3194770.3194776},
publisher = {Association for Computing Machinery},
booktitle = {Proceedings of the International Workshop on Software Fairness}
}

 

@INPROCEEDINGS{ foulds2020intersectional ,
  author={J. R. {Foulds} and R. {Islam} and K. N. {Keya} and S. {Pan}},
  booktitle={2020 IEEE 36th International Conference on Data Engineering (ICDE)}, 
  title={An Intersectional Definition of Fairness}, 
  year={2020},
  volume={},
  number={},
  pages={1918-1921},
  doi={10.1109/ICDE48307.2020.00203}}

@book{constitution,
  title={The Papers of Thomas Jefferson, Volume 21: Index},
  author={Jefferson, Thomas},
  volume={1},
  year={2018},
  publisher={Princeton University Press}
}


@inproceedings{foulds2020bayesian,
  title={Bayesian Modeling of Intersectional Fairness: The Variance of Bias},
  author={Foulds, James R and Islam, Rashidul and Keya, Kamrun Naher and Pan, Shimei},
  booktitle={Proceedings of the 2020 SIAM International Conference on Data Mining},
  pages={424--432},
  year={2020},
  organization={SIAM}
}


@inproceedings{Ketki,
author = {Deshpande, Ketki V. and Pan, Shimei and Foulds, James R.},
title = {Mitigating Demographic Bias in {AI}-Based Resume Filtering},
year = {2020},
publisher = {Association for Computing Machinery},
pages = {268–275},
numpages = {8},
booktitle = {UMAP '20 Adjunct}
}


@inproceedings{Zeng,
author = {Z. Zeng and R. Islam and K. Keya and J. Foulds and Y. Song and S. Pan.},
title = {Fair Heterogeneous Network Embeddings},
year = {2021},
publisher = {AAAI},
booktitle={Proceedings of the 15th International AAAI Conference on Web and Social Media (Accepted)}
}

@MISC{HateSpeechDetectionBias,
   author =       "Jonathan Vanian",
   title =        "Google’s Hate Speech Detection {A.I.} Has a Racial Bias Problem",
   editor =       "Fortune",
   month =        "August",
   year =         "2019",
   url =          "\url{https://fortune.com/2019/08/16/google-jigsaw-perspective-racial-bias/}",
   note =         "[Fortune. Online; posted August 16, 2019] \url{https://fortune.com/2019/08/16/google-jigsaw-perspective-racial-bias/}",
 }


@misc{islam2020neural,
      title={Neural Fair Collaborative Filtering}, 
      author={Rashidul Islam and Kamrun Naher Keya and Ziqian Zeng and Shimei Pan and James Foulds},
      year={2020},
      eprint={2009.08955},
      archivePrefix={arXiv},
      primaryClass={cs.IR}
}

@misc{keya2020equitable,
      title={Equitable Allocation of Healthcare Resources with Fair {C}ox Models}, 
      author={Kamrun Naher Keya and Rashidul Islam and Shimei Pan and Ian Stockwell and James R. Foulds},
      year={2020},
      eprint={2010.06820},
      archivePrefix={arXiv},
      primaryClass={cs.LG}
}

@book{dionne2004americans,
  title={Why Americans hate politics},
  author={Dionne, Eugene J},
  year={2004},
  publisher={Simon and Schuster}
}

@book{johnson1965remarks,
  title={Commencement Address at Howard University: ``To Fulfill These Rights''},
  author={Johnson, Lyndon Baines},
  year={1965},
  publisher={Howard University},
  url = {\url{https://teachingamericanhistory.org/library/document/commencement-address-at-howard-university-to-fulfill-these-rights/}}
}

@article{wagner2017anthropologists,
  title={Anthropologists' views on race, ancestry, and genetics},
  author={Wagner, Jennifer K and Yu, Joon-Ho and Ifekwunigwe, Jayne O and Harrell, Tanya M and Bamshad, Michael J and Royal, Charmaine D},
  journal={American Journal of Physical Anthropology},
  volume={162},
  number={2},
  pages={318--327},
  year={2017},
  publisher={Wiley Online Library}
}

@article{west1987doing,
  title={Doing gender},
  author={West, Candace and Zimmerman, Don H},
  journal={Gender \& society},
  volume={1},
  number={2},
  pages={125--151},
  year={1987},
  publisher={Sage Publications}
}

@article{ellemers2018gender,
  title={Gender stereotypes},
  author={Ellemers, Naomi},
  journal={Annual review of psychology},
  volume={69},
  pages={275--298},
  year={2018},
  publisher={Annual Reviews}
}