@article{rieke2020future,
  title={The future of digital health with federated learning},
  author={Rieke, Nicola and Hancox, Jonny and Li, Wenqi and Milletari, Fausto and Roth, Holger R and Albarqouni, Shadi and Bakas, Spyridon and Galtier, Mathieu N and Landman, Bennett A and Maier-Hein, Klaus and others},
  journal={NPJ digital medicine},
  volume={3},
  number={1},
  pages={1--7},
  year={2020},
  publisher={Nature Publishing Group}
}

@inproceedings{mcmahan2017communication,
  title={Communication-efficient learning of deep networks from decentralized data},
  author={McMahan, Brendan and Moore, Eider and Ramage, Daniel and Hampson, Seth and y Arcas, Blaise Aguera},
  booktitle={Artificial intelligence and statistics},
  pages={1273--1282},
  year={2017},
  organization={PMLR}
}

@incollection{roth2020federated,
  title={Federated learning for breast density classification: A real-world implementation},
  author={Roth, Holger R and Chang, Ken and Singh, Praveer and Neumark, Nir and Li, Wenqi and Gupta, Vikash and Gupta, Sharut and Qu, Liangqiong and Ihsani, Alvin and Bizzo, Bernardo C and others},
  booktitle={Domain Adaptation and Representation Transfer, and Distributed and Collaborative Learning},
  pages={181--191},
  year={2020},
  publisher={Springer}
}

@inproceedings{sheller2018multi,
  title={Multi-institutional deep learning modeling without sharing patient data: A feasibility study on brain tumor segmentation},
  author={Sheller, Micah J and Reina, G Anthony and Edwards, Brandon and Martin, Jason and Bakas, Spyridon},
  booktitle={International MICCAI Brainlesion Workshop},
  pages={92--104},
  year={2018},
  organization={Springer}
}

@article{sheller2020federated,
  title={Federated learning in medicine: facilitating multi-institutional collaborations without sharing patient data},
  author={Sheller, Micah J and Edwards, Brandon and Reina, G Anthony and Martin, Jason and Pati, Sarthak and Kotrotsou, Aikaterini and Milchenko, Mikhail and Xu, Weilin and Marcus, Daniel and Colen, Rivka R and others},
  journal={Scientific reports},
  volume={10},
  number={1},
  pages={1--12},
  year={2020},
  publisher={Nature Publishing Group}
}

@incollection{remedios2020federated,
  title={Federated gradient averaging for multi-site training with momentum-based optimizers},
  author={Remedios, Samuel W and Butman, John A and Landman, Bennett A and Pham, Dzung L},
  booktitle={Domain Adaptation and Representation Transfer, and Distributed and Collaborative Learning},
  pages={170--180},
  year={2020},
  publisher={Springer}
}

@article{sarma2021federated,
  title={Federated learning improves site performance in multicenter deep learning without data sharing},
  author={Sarma, Karthik V and Harmon, Stephanie and Sanford, Thomas and Roth, Holger R and Xu, Ziyue and Tetreault, Jesse and Xu, Daguang and Flores, Mona G and Raman, Alex G and Kulkarni, Rushikesh and others},
  journal={Journal of the American Medical Informatics Association},
  volume={28},
  number={6},
  pages={1259--1264},
  year={2021},
  publisher={Oxford University Press}
}

@article{dayan2021federated,
  title={Federated learning for predicting clinical outcomes in patients with COVID-19},
  author={Dayan, Ittai and Roth, Holger R and Zhong, Aoxiao and Harouni, Ahmed and Gentili, Amilcare and Abidin, Anas Z and Liu, Andrew and Costa, Anthony Beardsworth and Wood, Bradford J and Tsai, Chien-Sung and others},
  journal={Nature medicine},
  volume={27},
  number={10},
  pages={1735--1743},
  year={2021},
  publisher={Nature Publishing Group}
}

@article{kairouz2019advances,
  title={Advances and open problems in federated learning},
  author={Kairouz, Peter and McMahan, H Brendan and Avent, Brendan and Bellet, Aur{\'e}lien and Bennis, Mehdi and Bhagoji, Arjun Nitin and Bonawitz, Kallista and Charles, Zachary and Cormode, Graham and Cummings, Rachel and others},
  journal={arXiv preprint arXiv:1912.04977},
  year={2019}
}

@article{li2020federated,
  title={Federated optimization in heterogeneous networks},
  author={Li, Tian and Sahu, Anit Kumar and Zaheer, Manzil and Sanjabi, Maziar and Talwalkar, Ameet and Smith, Virginia},
  journal={Proceedings of Machine Learning and Systems},
  volume={2},
  pages={429--450},
  year={2020}
}

@inproceedings{karimireddy2020scaffold,
  title={Scaffold: Stochastic controlled averaging for federated learning},
  author={Karimireddy, Sai Praneeth and Kale, Satyen and Mohri, Mehryar and Reddi, Sashank and Stich, Sebastian and Suresh, Ananda Theertha},
  booktitle={International Conference on Machine Learning},
  pages={5132--5143},
  year={2020},
  organization={PMLR}
}

@inproceedings{zhou2021towards,
  title={Towards Fair Federated Learning},
  author={Zhou, Zirui and Chu, Lingyang and Liu, Changxin and Wang, Lanjun and Pei, Jian and Zhang, Yong},
  booktitle={Proceedings of the 27th ACM SIGKDD Conference on Knowledge Discovery \& Data Mining},
  pages={4100--4101},
  year={2021}
}

@inproceedings{rothchild2020fetchsgd,
  title={Fetchsgd: Communication-efficient federated learning with sketching},
  author={Rothchild, Daniel and Panda, Ashwinee and Ullah, Enayat and Ivkin, Nikita and Stoica, Ion and Braverman, Vladimir and Gonzalez, Joseph and Arora, Raman},
  booktitle={International Conference on Machine Learning},
  pages={8253--8265},
  year={2020},
  organization={PMLR}
}


@article{geiping2020inverting,
  title={Inverting gradients-how easy is it to break privacy in federated learning?},
  author={Geiping, Jonas and Bauermeister, Hartmut and Dr{\"o}ge, Hannah and Moeller, Michael},
  journal={Advances in Neural Information Processing Systems},
  volume={33},
  pages={16937--16947},
  year={2020}
}

@inproceedings{yin2021see,
  title={See through gradients: Image batch recovery via gradinversion},
  author={Yin, Hongxu and Mallya, Arun and Vahdat, Arash and Alvarez, Jose M and Kautz, Jan and Molchanov, Pavlo},
  booktitle={Proceedings of the IEEE/CVF Conference on Computer Vision and Pattern Recognition},
  pages={16337--16346},
  year={2021}
}

@article{kaissis2021end,
  title={End-to-end privacy preserving deep learning on multi-institutional medical imaging},
  author={Kaissis, Georgios and Ziller, Alexander and Passerat-Palmbach, Jonathan and Ryffel, Th{\'e}o and Usynin, Dmitrii and Trask, Andrew and Lima, Ion{\'e}sio and Mancuso, Jason and Jungmann, Friederike and Steinborn, Marc-Matthias and others},
  journal={Nature Machine Intelligence},
  volume={3},
  number={6},
  pages={473--484},
  year={2021},
  publisher={Nature Publishing Group}
}

@inproceedings{bonawitz2017practical,
  title={Practical secure aggregation for privacy-preserving machine learning},
  author={Bonawitz, Keith and Ivanov, Vladimir and Kreuter, Ben and Marcedone, Antonio and McMahan, H Brendan and Patel, Sarvar and Ramage, Daniel and Segal, Aaron and Seth, Karn},
  booktitle={proceedings of the 2017 ACM SIGSAC Conference on Computer and Communications Security},
  pages={1175--1191},
  year={2017}
}

@article{yang2019federated,
  title={Federated machine learning: Concept and applications},
  author={Yang, Qiang and Liu, Yang and Chen, Tianjian and Tong, Yongxin},
  journal={ACM Transactions on Intelligent Systems and Technology (TIST)},
  volume={10},
  number={2},
  pages={1--19},
  year={2019},
  publisher={ACM New York, NY, USA}
}

@inproceedings{ioffe2015batch,
  title={Batch normalization: Accelerating deep network training by reducing internal covariate shift},
  author={Ioffe, Sergey and Szegedy, Christian},
  booktitle={International conference on machine learning},
  pages={448--456},
  year={2015},
  organization={PMLR}
}

@article{zhu2019deep,
  title={Deep leakage from gradients},
  author={Zhu, Ligeng and Liu, Zhijian and Han, Song},
  journal={Advances in Neural Information Processing Systems},
  volume={32},
  year={2019}
}

@inproceedings{deng2009imagenet,
  title={Imagenet: A large-scale hierarchical image database},
  author={Deng, Jia and Dong, Wei and Socher, Richard and Li, Li-Jia and Li, Kai and Fei-Fei, Li},
  booktitle={2009 IEEE conference on computer vision and pattern recognition},
  pages={248--255},
  year={2009},
  organization={Ieee}
}

@inproceedings{he2016deep,
  title={Deep residual learning for image recognition},
  author={He, Kaiming and Zhang, Xiangyu and Ren, Shaoqing and Sun, Jian},
  booktitle={Proceedings of the IEEE conference on computer vision and pattern recognition},
  pages={770--778},
  year={2016}
}

@inproceedings{huang2017densely,
  title={Densely connected convolutional networks},
  author={Huang, Gao and Liu, Zhuang and Van Der Maaten, Laurens and Weinberger, Kilian Q},
  booktitle={Proceedings of the IEEE conference on computer vision and pattern recognition},
  pages={4700--4708},
  year={2017}
}

@article{chowdhury2020can,
  title={Can AI help in screening viral and COVID-19 pneumonia?},
  author={Chowdhury, Muhammad EH and Rahman, Tawsifur and Khandakar, Amith and Mazhar, Rashid and Kadir, Muhammad Abdul and Mahbub, Zaid Bin and Islam, Khandakar Reajul and Khan, Muhammad Salman and Iqbal, Atif and Al Emadi, Nasser and others},
  journal={IEEE Access},
  volume={8},
  pages={132665--132676},
  year={2020},
  publisher={IEEE}
}

@article{rahman2021exploring,
  title={Exploring the effect of image enhancement techniques on COVID-19 detection using chest X-ray images},
  author={Rahman, Tawsifur and Khandakar, Amith and Qiblawey, Yazan and Tahir, Anas and Kiranyaz, Serkan and Kashem, Saad Bin Abul and Islam, Mohammad Tariqul and Al Maadeed, Somaya and Zughaier, Susu M and Khan, Muhammad Salman and others},
  journal={Computers in biology and medicine},
  volume={132},
  pages={104319},
  year={2021},
  publisher={Elsevier}
}

@article{wang2004image,
  title={Image quality assessment: from error visibility to structural similarity},
  author={Wang, Zhou and Bovik, Alan C and Sheikh, Hamid R and Simoncelli, Eero P},
  journal={IEEE transactions on image processing},
  volume={13},
  number={4},
  pages={600--612},
  year={2004},
  publisher={IEEE}
}

@inproceedings{li2019privacy,
  title={Privacy-preserving federated brain tumour segmentation},
  author={Li, Wenqi and Milletar{\`\i}, Fausto and Xu, Daguang and Rieke, Nicola and Hancox, Jonny and Zhu, Wentao and Baust, Maximilian and Cheng, Yan and Ourselin, S{\'e}bastien and Cardoso, M Jorge and others},
  booktitle={International workshop on machine learning in medical imaging},
  pages={133--141},
  year={2019},
  organization={Springer}
}

@article{van2008visualizing,
  title={Visualizing data using t-SNE.},
  author={Van der Maaten, Laurens and Hinton, Geoffrey},
  journal={Journal of machine learning research},
  volume={9},
  number={11},
  year={2008}
}

@inproceedings{zhang2020batchcrypt,
  title={BatchCrypt: Efficient Homomorphic Encryption for $\{$Cross-Silo$\}$ Federated Learning},
  author={Zhang, Chengliang and Li, Suyi and Xia, Junzhe and Wang, Wei and Yan, Feng and Liu, Yang},
  booktitle={2020 USENIX Annual Technical Conference (USENIX ATC 20)},
  pages={493--506},
  year={2020}
}

@article{li2021fedbn,
  title={Fedbn: Federated learning on non-iid features via local batch normalization},
  author={Li, Xiaoxiao and Jiang, Meirui and Zhang, Xiaofei and Kamp, Michael and Dou, Qi},
  journal={arXiv preprint arXiv:2102.07623},
  year={2021}
}

@incollection{andreux2020siloed,
  title={Siloed federated learning for multi-centric histopathology datasets},
  author={Andreux, Mathieu and Terrail, Jean Ogier du and Beguier, Constance and Tramel, Eric W},
  booktitle={Domain Adaptation and Representation Transfer, and Distributed and Collaborative Learning},
  pages={129--139},
  year={2020},
  publisher={Springer}
}

@article{kaissis2020secure,
  title={Secure, privacy-preserving and federated machine learning in medical imaging},
  author={Kaissis, Georgios A and Makowski, Marcus R and R{\"u}ckert, Daniel and Braren, Rickmer F},
  journal={Nature Machine Intelligence},
  volume={2},
  number={6},
  pages={305--311},
  year={2020},
  publisher={Nature Publishing Group}
}

@article{reddi2020adaptive,
  title={Adaptive federated optimization},
  author={Reddi, Sashank and Charles, Zachary and Zaheer, Manzil and Garrett, Zachary and Rush, Keith and Kone{\v{c}}n{\`y}, Jakub and Kumar, Sanjiv and McMahan, H Brendan},
  journal={arXiv preprint arXiv:2003.00295},
  year={2020}
}

@article{usynin2021adversarial,
  title={Adversarial interference and its mitigations in privacy-preserving collaborative machine learning},
  author={Usynin, Dmitrii and Ziller, Alexander and Makowski, Marcus and Braren, Rickmer and Rueckert, Daniel and Glocker, Ben and Kaissis, Georgios and Passerat-Palmbach, Jonathan},
  journal={Nature Machine Intelligence},
  volume={3},
  number={9},
  pages={749--758},
  year={2021},
  publisher={Nature Publishing Group}
}

@inproceedings{dwork2006calibrating,
  title={Calibrating noise to sensitivity in private data analysis},
  author={Dwork, Cynthia and McSherry, Frank and Nissim, Kobbi and Smith, Adam},
  booktitle={Theory of cryptography conference},
  pages={265--284},
  year={2006},
  organization={Springer}
}

@article{yang2020local,
  title={Local differential privacy and its applications: A comprehensive survey},
  author={Yang, Mengmeng and Lyu, Lingjuan and Zhao, Jun and Zhu, Tianqing and Lam, Kwok-Yan},
  journal={arXiv preprint arXiv:2008.03686},
  year={2020}
}

@article{lyu2016understanding,
  title={Understanding the sparse vector technique for differential privacy},
  author={Lyu, Min and Su, Dong and Li, Ninghui},
  journal={arXiv preprint arXiv:1603.01699},
  year={2016}
}

@article{ziller2021medical,
  title={Medical imaging deep learning with differential privacy},
  author={Ziller, Alexander and Usynin, Dmitrii and Braren, Rickmer and Makowski, Marcus and Rueckert, Daniel and Kaissis, Georgios},
  journal={Scientific Reports},
  volume={11},
  number={1},
  pages={1--8},
  year={2021},
  publisher={Nature Publishing Group}
}

@inproceedings{abadi2016deep,
  title={Deep learning with differential privacy},
  author={Abadi, Martin and Chu, Andy and Goodfellow, Ian and McMahan, H Brendan and Mironov, Ilya and Talwar, Kunal and Zhang, Li},
  booktitle={Proceedings of the 2016 ACM SIGSAC conference on computer and communications security},
  pages={308--318},
  year={2016}
}

@inproceedings{wu2019p3sgd,
  title={P3sgd: Patient privacy preserving sgd for regularizing deep cnns in pathological image classification},
  author={Wu, Bingzhe and Zhao, Shiwan and Sun, Guangyu and Zhang, Xiaolu and Su, Zhong and Zeng, Caihong and Liu, Zhihong},
  booktitle={Proceedings of the IEEE/CVF Conference on Computer Vision and Pattern Recognition},
  pages={2099--2108},
  year={2019}
}

@article{liang2020differentially,
  title={Differentially Private Federated Learning with Laplacian Smoothing},
  author={Liang, Zhicong and Wang, Bao and Gu, Quanquan and Osher, Stanley and Yao, Yuan},
  journal={arXiv preprint arXiv:2005.00218},
  year={2020}
}

@article{rodriguez2020federated,
  title={Federated Learning and Differential Privacy: Software tools analysis, the Sherpa. ai FL framework and methodological guidelines for preserving data privacy},
  author={Rodr{\'\i}guez-Barroso, Nuria and Stipcich, Goran and Jim{\'e}nez-L{\'o}pez, Daniel and Ruiz-Mill{\'a}n, Jos{\'e} Antonio and Mart{\'\i}nez-C{\'a}mara, Eugenio and Gonz{\'a}lez-Seco, Gerardo and Luz{\'o}n, M Victoria and Veganzones, Miguel Angel and Herrera, Francisco},
  journal={Information Fusion},
  volume={64},
  pages={270--292},
  year={2020},
  publisher={Elsevier}
}

@article{bagdasaryan2019differential,
  title={Differential privacy has disparate impact on model accuracy},
  author={Bagdasaryan, Eugene and Poursaeed, Omid and Shmatikov, Vitaly},
  journal={Advances in Neural Information Processing Systems},
  volume={32},
  year={2019}
}

@article{naseri2020local,
  title={Local and central differential privacy for robustness and privacy in federated learning},
  author={Naseri, Mohammad and Hayes, Jamie and De Cristofaro, Emiliano},
  journal={arXiv preprint arXiv:2009.03561},
  year={2020}
}

@article{adnan2022federated,
  title={Federated learning and differential privacy for medical image analysis},
  author={Adnan, Mohammed and Kalra, Shivam and Cresswell, Jesse C and Taylor, Graham W and Tizhoosh, Hamid R},
  journal={Scientific Reports},
  volume={12},
  number={1},
  pages={1--10},
  year={2022},
  publisher={Nature Publishing Group}
}

@inproceedings{sun2021soteria,
  title={Soteria: Provable defense against privacy leakage in federated learning from representation perspective},
  author={Sun, Jingwei and Li, Ang and Wang, Binghui and Yang, Huanrui and Li, Hai and Chen, Yiran},
  booktitle={Proceedings of the IEEE/CVF Conference on Computer Vision and Pattern Recognition},
  pages={9311--9319},
  year={2021}
}

@dataset{de_vente_coen_2021_5793241,
  author       = {de Vente, Coen and
                  Vermeer, Koenraad A. and
                  Jaccard, Nicolas and
                  van Ginneken, Bram and
                  Lemij, Hans G. and
                  Sá‎nchez, Clara I.},
  title        = {Rotterdam EyePACS AIROGS train set},
  month        = dec,
  year         = 2021,
  note         = {{The previous version was split into two records. 
                   This new version contains all data and the second
                   record is deprecated.}},
  publisher    = {Zenodo},
  version      = {1.1.0},
  doi          = {10.5281/zenodo.5793241},
  url          = {https://doi.org/10.5281/zenodo.5793241}
}

@inproceedings{wang2017chestx,
  title={Chestx-ray8: Hospital-scale chest x-ray database and benchmarks on weakly-supervised classification and localization of common thorax diseases},
  author={Wang, Xiaosong and Peng, Yifan and Lu, Le and Lu, Zhiyong and Bagheri, Mohammadhadi and Summers, Ronald M},
  booktitle={Proceedings of the IEEE conference on computer vision and pattern recognition},
  pages={2097--2106},
  year={2017}
}

@article{wang2020federated,
  title={Federated learning with matched averaging},
  author={Wang, Hongyi and Yurochkin, Mikhail and Sun, Yuekai and Papailiopoulos, Dimitris and Khazaeni, Yasaman},
  journal={arXiv preprint arXiv:2002.06440},
  year={2020}
}

@article{guo2022auto,
  title={Auto-FedRL: Federated Hyperparameter Optimization for Multi-institutional Medical Image Segmentation},
  author={Guo, Pengfei and Yang, Dong and Hatamizadeh, Ali and Xu, An and Xu, Ziyue and Li, Wenqi and Zhao, Can and Xu, Daguang and Harmon, Stephanie and Turkbey, Evrim and others},
  journal={arXiv preprint arXiv:2203.06338},
  year={2022}
}

@inproceedings{xu2022closing,
  title={Closing the Generalization Gap of Cross-silo Federated Medical Image Segmentation},
  author={Xu, An and Li, Wenqi and Guo, Pengfei and Yang, Dong and Roth, Holger R and Hatamizadeh, Ali and Zhao, Can and Xu, Daguang and Huang, Heng and Xu, Ziyue},
  booktitle={Proceedings of the IEEE/CVF Conference on Computer Vision and Pattern Recognition},
  pages={20866--20875},
  year={2022}
}

@inproceedings{li2021ditto,
  title={Ditto: Fair and robust federated learning through personalization},
  author={Li, Tian and Hu, Shengyuan and Beirami, Ahmad and Smith, Virginia},
  booktitle={International Conference on Machine Learning},
  pages={6357--6368},
  year={2021},
  organization={PMLR}
}

@misc{monai2022github,
author = {{MONAI Consortium}},
license = {Apache-2.0},
month = {9},
title = {{MONAI: Medical Open Network for AI}},
url = {https://github.com/Project-MONAI/MONAI},
version = {1.0.0},
year = {2022}
}

@inproceedings{Chen:2016:XST:2939672.2939785,
 author = {Chen, Tianqi and Guestrin, Carlos},
 title = {{XGBoost}: A Scalable Tree Boosting System},
 booktitle = {Proceedings of the 22nd ACM SIGKDD International Conference on Knowledge Discovery and Data Mining},
 series = {KDD '16},
 year = {2016},
 isbn = {978-1-4503-4232-2},
 location = {San Francisco, California, USA},
 pages = {785--794},
 numpages = {10},
 url = {http://doi.acm.org/10.1145/2939672.2939785},
 doi = {10.1145/2939672.2939785},
 acmid = {2939785},
 publisher = {ACM},
 address = {New York, NY, USA},
 keywords = {large-scale machine learning},
}

@article{hatamizadeh2022gradient,
  title={Do Gradient Inversion Attacks Make Federated Learning Unsafe?},
  author={Hatamizadeh, Ali and Yin, Hongxu and Molchanov, Pavlo and Myronenko, Andriy and Li, Wenqi and Dogra, Prerna and Feng, Andrew and Flores, Mona G and Kautz, Jan and Xu, Daguang and others},
  journal={arXiv preprint arXiv:2202.06924},
  year={2022}
}

@article{chang2018distributed,
  title={Distributed deep learning networks among institutions for medical imaging},
  author={Chang, Ken and Balachandar, Niranjan and Lam, Carson and Yi, Darvin and Brown, James and Beers, Andrew and Rosen, Bruce and Rubin, Daniel L and Kalpathy-Cramer, Jayashree},
  journal={Journal of the American Medical Informatics Association},
  volume={25},
  number={8},
  pages={945--954},
  year={2018},
  publisher={Oxford University Press}
}

@incollection{ziller2021pysyft,
  title={Pysyft: A library for easy federated learning},
  author={Ziller, Alexander and Trask, Andrew and Lopardo, Antonio and Szymkow, Benjamin and Wagner, Bobby and Bluemke, Emma and Nounahon, Jean-Mickael and Passerat-Palmbach, Jonathan and Prakash, Kritika and Rose, Nick and others},
  booktitle={Federated Learning Systems},
  pages={111--139},
  year={2021},
  publisher={Springer}
}

@article{he2020fedml,
  title={Fed{ML}: A research library and benchmark for federated machine learning},
  author={He, Chaoyang and Li, Songze and So, Jinhyun and Zeng, Xiao and Zhang, Mi and Wang, Hongyi and Wang, Xiaoyang and Vepakomma, Praneeth and Singh, Abhishek and Qiu, Hang and others},
  journal={arXiv preprint arXiv:2007.13518},
  year={2020}
}

@article{reina2021openfl,
  title={OpenFL: An open-source framework for Federated Learning},
  author={Reina, G Anthony and Gruzdev, Alexey and Foley, Patrick and Perepelkina, Olga and Sharma, Mansi and Davidyuk, Igor and Trushkin, Ilya and Radionov, Maksim and Mokrov, Aleksandr and Agapov, Dmitry and others},
  journal={arXiv preprint arXiv:2105.06413},
  year={2021}
}

@incollection{silva2020fed,
  title={Fed-biomed: A general open-source frontend framework for federated learning in healthcare},
  author={Silva, Santiago and Altmann, Andre and Gutman, Boris and Lorenzi, Marco},
  booktitle={Domain Adaptation and Representation Transfer, and Distributed and Collaborative Learning},
  pages={201--210},
  year={2020},
  publisher={Springer}
}

@article{warnat2021swarm,
  title={Swarm learning for decentralized and confidential clinical machine learning},
  author={Warnat-Herresthal, Stefanie and Schultze, Hartmut and Shastry, Krishnaprasad Lingadahalli and Manamohan, Sathyanarayanan and Mukherjee, Saikat and Garg, Vishesh and Sarveswara, Ravi and H{\"a}ndler, Kristian and Pickkers, Peter and Aziz, N Ahmad and others},
  journal={Nature},
  volume={594},
  number={7862},
  pages={265--270},
  year={2021},
  publisher={Nature Publishing Group}
}

@article{ludwig2020ibm,
  title={Ibm federated learning: an enterprise framework white paper v0. 1},
  author={Ludwig, Heiko and Baracaldo, Nathalie and Thomas, Gegi and Zhou, Yi and Anwar, Ali and Rajamoni, Shashank and Ong, Yuya and Radhakrishnan, Jayaram and Verma, Ashish and Sinn, Mathieu and others},
  journal={arXiv preprint arXiv:2007.10987},
  year={2020}
}


@article{xie2022federatedscope,
  title={FederatedScope: A Comprehensive and Flexible Federated Learning Platform via Message Passing},
  author={Xie, Yuexiang and Wang, Zhen and Chen, Daoyuan and Gao, Dawei and Yao, Liuyi and Kuang, Weirui and Li, Yaliang and Ding, Bolin and Zhou, Jingren},
  journal={arXiv preprint arXiv:2204.05011},
  year={2022}
}

@article{dimitriadis2022flute,
  title={Flute: A scalable, extensible framework for high-performance federated learning simulations},
  author={Dimitriadis, Dimitrios and Garcia, Mirian Hipolito and Diaz, Daniel Madrigal and Manoel, Andre and Sim, Robert},
  journal={arXiv preprint arXiv:2203.13789},
  year={2022}
}

@article{liu2021fate,
  title={FATE: An Industrial Grade Platform for Collaborative Learning With Data Protection.},
  author={Liu, Yang and Fan, Tao and Chen, Tianjian and Xu, Qian and Yang, Qiang},
  journal={J. Mach. Learn. Res.},
  volume={22},
  number={226},
  pages={1--6},
  year={2021}
}

@article{beutel2020flower,
  title={Flower: A friendly federated learning research framework},
  author={Beutel, Daniel J and Topal, Taner and Mathur, Akhil and Qiu, Xinchi and Parcollet, Titouan and de Gusm{\~a}o, Pedro PB and Lane, Nicholas D},
  journal={arXiv preprint arXiv:2007.14390},
  year={2020}
}

@inproceedings{abadi2016tensorflow,
  title={$\{$TensorFlow$\}$: a system for $\{$Large-Scale$\}$ machine learning},
  author={Abadi, Mart{\'\i}n and Barham, Paul and Chen, Jianmin and Chen, Zhifeng and Davis, Andy and Dean, Jeffrey and Devin, Matthieu and Ghemawat, Sanjay and Irving, Geoffrey and Isard, Michael and others},
  booktitle={12th USENIX symposium on operating systems design and implementation (OSDI 16)},
  pages={265--283},
  year={2016}
}

@article{cardoso2022monai,
  title={MONAI: An open-source framework for deep learning in healthcare},
  author={Cardoso, M Jorge and Li, Wenqi and Brown, Richard and Ma, Nic and Kerfoot, Eric and Wang, Yiheng and Murrey, Benjamin and Myronenko, Andriy and Zhao, Can and Yang, Dong and others},
  journal={arXiv preprint arXiv:2211.02701},
  year={2022}
}

@article{gupta2018distributed,
  title={Distributed learning of deep neural network over multiple agents},
  author={Gupta, Otkrist and Raskar, Ramesh},
  journal={Journal of Network and Computer Applications},
  volume={116},
  pages={1--8},
  year={2018},
  publisher={Elsevier}
}

@article{krizhevsky2009learning,
  title={Learning multiple layers of features from tiny images},
  author={Krizhevsky, Alex and Hinton, Geoffrey and others},
  year={2009},
  publisher={Toronto, ON, Canada}
}

@misc{enwiki:1131516757,
    author = "{Wikipedia contributors}",
    title = "Private set intersection --- {Wikipedia}{,} The Free Encyclopedia",
    year = "2023",
    url = "https://en.wikipedia.org/w/index.php?title=Private_set_intersection&oldid=1131516757",
    note = "[Online; accessed 27-April-2023]"
}

@article{zhao2022reduce,
  title={Reduce Communication Costs and Preserve Privacy: Prompt Tuning Method in Federated Learning},
  author={Zhao, Haodong and Du, Wei and Li, Fangqi and Li, Peixuan and Liu, Gongshen},
  journal={arXiv preprint arXiv:2208.12268},
  year={2022}
}

% prompt tuning
@article{lester2021power,
  title={The power of scale for parameter-efficient prompt tuning},
  author={Lester, Brian and Al-Rfou, Rami and Constant, Noah},
  journal={arXiv preprint arXiv:2104.08691},
  year={2021}
}

% p-tuning
@article{liu2021gpt,
  title={GPT understands, too},
  author={Liu, Xiao and Zheng, Yanan and Du, Zhengxiao and Ding, Ming and Qian, Yujie and Yang, Zhilin and Tang, Jie},
  journal={arXiv preprint arXiv:2103.10385},
  year={2021}
}

% adapters
@article{he2021towards,
  title={Towards a unified view of parameter-efficient transfer learning},
  author={He, Junxian and Zhou, Chunting and Ma, Xuezhe and Berg-Kirkpatrick, Taylor and Neubig, Graham},
  journal={arXiv preprint arXiv:2110.04366},
  year={2021}
}

@inproceedings{houlsby2019parameter,
  title={Parameter-efficient transfer learning for NLP},
  author={Houlsby, Neil and Giurgiu, Andrei and Jastrzebski, Stanislaw and Morrone, Bruna and De Laroussilhe, Quentin and Gesmundo, Andrea and Attariyan, Mona and Gelly, Sylvain},
  booktitle={International Conference on Machine Learning},
  pages={2790--2799},
  year={2019},
  organization={PMLR}
}

@article{hu2021lora,
  title={Lora: Low-rank adaptation of large language models},
  author={Hu, Edward J and Shen, Yelong and Wallis, Phillip and Allen-Zhu, Zeyuan and Li, Yuanzhi and Wang, Shean and Wang, Lu and Chen, Weizhu},
  journal={arXiv preprint arXiv:2106.09685},
  year={2021}
}

% GPT
@article{radford2019language,
  title={Language Models are Unsupervised Multitask Learners},
  author={Radford, Alec and Wu, Jeff and Child, Rewon and Luan, David and Amodei, Dario and Sutskever, Ilya},
  year={2019}
}

% GPT-4
@misc{openai2023gpt4,
      title={GPT-4 Technical Report}, 
      author={OpenAI},
      year={2023},
      eprint={2303.08774},
      archivePrefix={arXiv},
      primaryClass={cs.CL}
}

@article{ouyang2022training,
  title={Training language models to follow instructions with human feedback},
  author={Ouyang, Long and Wu, Jeffrey and Jiang, Xu and Almeida, Diogo and Wainwright, Carroll and Mishkin, Pamela and Zhang, Chong and Agarwal, Sandhini and Slama, Katarina and Ray, Alex and others},
  journal={Advances in Neural Information Processing Systems},
  volume={35},
  pages={27730--27744},
  year={2022}
}
