@article{soria2016big,
  title={Big data privacy: challenges to privacy principles and models},
  author={Soria-Comas, Jordi and Domingo-Ferrer, Josep},
  journal={Data Science and Engineering},
  volume={1},
  number={1},
  pages={21--28},
  year={2016},
  publisher={Springer}
}

@incollection{korenhof2015timing,
  title={Timing the Right to be Forgotten: A study into “time” as a factor in deciding about retention or erasure of data},
  author={Korenhof, Paulan and Ausloos, Jef and Szekely, Ivan and Ambrose, Meg and Sartor, Giovanni and Leenes, Ronald},
  booktitle={Reforming European data protection law},
  pages={171--201},
  year={2015},
  publisher={Springer}
}

@misc{strmprivacydocs,
    key={strmprivacydocs},
    title={{STRM Privacy documentation}},
    howpublished = { \url{https://docs.strmprivacy.io/}}
}
@misc{strmmeta,
    key={strmmeta},
    title={{STRM meta}},
    howpublished = { \url{https://docs.strmprivacy.io/docs/latest/concepts/strm-meta/#strmmeta-fields} }
}
@misc{gcreep,
    author= {Adrian Chen},
    title={{GCreep: Google Engineer Stalked Teens, Spied on Chats}},
    year={2010},
    howpublished = {\url{https://www.gawker.com/5637234/gcreep-google-engineer-stalked-teens-spied-on-chats}}
}

@misc{gdpr,
    author= {European Union},
    title={{General Data Protection Regulation}},
    year={2016},
    howpublished = {\url{https://eur-lex.europa.eu/legal-content/EN/TXT/HTML/?uri=CELEX:32016R0679&from=EN}}
}

@misc{examplecontract,
    key={examplecontract},
    title={An STRM example event contract, detailing the privacy implications of a referred data schema},
    howpublished={\url{https://strmprivacy.io/schemas/strmprivacy/example/1.3.0/}}
}

@misc{iapp2017,
    key={iapp2017},
    title={Looking to comply with GDPR? Here's a primer on anonymization and pseudonymization},
    howpublished={\url{https://iapp.org/news/a/looking-to-comply-with-gdpr-heres-a-primer-on-anonymization-and-pseudonymization/}}
}
@misc{eugeneyan2021,
  author = {Eugene Yan},
  title = {Real-time Machine Learning For Recommendations},
  year = {2021},
  note = {Post published on 10 Jan 2021},
  howpublished = {\url{https://eugeneyan.com/writing/real-time-recommendations/}}
}

@inproceedings{anderson2014synthetic,
  title={Synthetic data generation for the internet of things},
  author={Anderson, Jason W and Kennedy, Ken E and Ngo, Linh B and Luckow, Andre and Apon, Amy W},
  booktitle={2014 IEEE International Conference on Big Data (Big Data)},
  pages={171--176},
  year={2014},
  organization={IEEE}
}

@misc{comptonassured,
  title={Assured Deletion in the Cloud},
  author={Compton, Andrea},
  howpublished = {\url{https://www.cs.tufts.edu/comp/116/archive/fall2014/acompton.pdf}}
}

@article{merener2012theoretical,
  title={Theoretical Results on De-Anonymization via Linkage Attacks.},
  author={Merener, Martin M},
  journal={Trans. Data Priv.},
  volume={5},
  number={2},
  pages={377--402},
  year={2012}
}

 @misc{bridge2018, title={GDPR AND BEYOND RECOMMENDATIONS FROM A TRANSATLANTIC PERSPECTIVE}, url={https://ec.europa.eu/research/participants/documents/downloadPublic?documentIds=080166e5c0461671&amp;appId=PPGMS}, journal={European Commission}, publisher={EU}, author={Bridge, Mind the}, year={2018}, month={Dec}} 
 
 @misc{cavoukian1997,
  title={Privacy by Design: The 7 Foundational Principles},
  author={Cavoukian, Ann},
  year={1997},
  publisher={Office of the Information and Privacy Commissioner of Ontario}
}
 
@misc{akamai,
  author={Akamai},
  year={2017},
  title={{Akamai Online Retail Performance Report}},
  howpublished = {\url{https://www.akamai.com/newsroom/press-release/akamai-releases-spring-2017-state-of-online-retail-performance-report}}
}
 
 @book{bhajaria2022data,
  title={Data Privacy: A Runbook for Engineers},
  author={Bhajaria, N.},
  isbn={9781617298998},
  url={https://books.google.nl/books?id=t0F0zgEACAAJ},
  year={2022},
  publisher={Manning}
}

@article{cichy2019overview,
  title={An overview of data quality frameworks},
  author={Cichy, Corinna and Rass, Stefan},
  journal={IEEE Access},
  volume={7},
  pages={24634--24648},
  year={2019},
  publisher={IEEE}
}

@article{barhamgi2022special,
  title={Special Issue on Data Transparency—Data Quality, Annotation, and Provenance},
  author={Barhamgi, Mahmoud and Bertino, Elisa},
  journal={Journal of Data and Information Quality (JDIQ)},
  volume={14},
  number={1},
  pages={1--3},
  year={2022},
  publisher={ACM New York, NY}
}

@article{isah2019survey,
  title={A survey of distributed data stream processing frameworks},
  author={Isah, Haruna and Abughofa, Tariq and Mahfuz, Sazia and Ajerla, Dharmitha and Zulkernine, Farhana and Khan, Shahzad},
  journal={IEEE Access},
  volume={7},
  pages={154300--154316},
  year={2019},
  publisher={IEEE}
}

@article{mehmood2020challenges,
  title={Challenges and solutions for processing real-time big data stream: A systematic literature review},
  author={Mehmood, Erum and Anees, Tayyaba},
  journal={IEEE Access},
  volume={8},
  pages={119123--119143},
  year={2020},
  publisher={IEEE}
}

@ARTICLE{Polonetsky2021review,  author={Polonetsky, Jules and Sparapani, Tim},  journal={IEEE Security   Privacy},   title={A Review of the Privacy-Enhancing Technologies Software Market},   year={2021},  volume={19},  number={6},  pages={119-122},  doi={10.1109/MSEC.2021.3108295}

}

@article{machado2022data,
  title={Data Mesh: Concepts and Principles of a Paradigm Shift in Data Architectures},
  author={Machado, In{\^e}s Ara{\'u}jo and Costa, Carlos and Santos, Maribel Yasmina},
  journal={Procedia Computer Science},
  volume={196},
  pages={263--271},
  year={2022},
  publisher={Elsevier}
}

@inproceedings{li2007t,
  title={t-closeness: Privacy beyond k-anonymity and l-diversity},
  author={Li, Ninghui and Li, Tiancheng and Venkatasubramanian, Suresh},
  booktitle={2007 IEEE 23rd international conference on data engineering},
  pages={106--115},
  year={2007},
  organization={IEEE}
}


@article{abiteboul2019transparency,
  title={Transparency, fairness, data protection, neutrality: Data management challenges in the face of new regulation},
  author={Abiteboul, Serge and Stoyanovich, Julia},
  journal={Journal of Data and Information Quality (JDIQ)},
  volume={11},
  number={3},
  pages={1--9},
  year={2019},
  publisher={ACM New York, NY, USA}
}

@article{fu2015streaming,
  title={Streaming@ Twitter.},
  author={Fu, Maosong and Mittal, Sailesh and Kedigehalli, Vikas and Ramasamy, Karthik and Barry, Michael and Jorgensen, Andrew and Kellogg, Christopher and Lu, Neng and Graham, Bill and Wu, Jingwei},
  journal={IEEE Data Eng. Bull.},
  volume={38},
  number={4},
  pages={15--27},
  year={2015}
  
}

@article{cai2015challenges,
  title={The challenges of data quality and data quality assessment in the big data era},
  author={Cai, Li and Zhu, Yangyong},
  journal={Data science journal},
  volume={14},
  year={2015},
  publisher={Ubiquity Press}
}

@article{zhou2008brief,
  title={A brief survey on anonymization techniques for privacy preserving publishing of social network data},
  author={Zhou, Bin and Pei, Jian and Luk, WoShun},
  journal={ACM Sigkdd Explorations Newsletter},
  volume={10},
  number={2},
  pages={12--22},
  year={2008},
  publisher={ACM New York, NY, USA}
}

@inproceedings{grafberger2021lightweight,
  title={Lightweight inspection of data preprocessing in native machine learning pipelines},
  author={Grafberger, Stefan and Stoyanovich, Julia and Schelter, Sebastian},
  booktitle={Conference on Innovative Data Systems Research (CIDR)},
  year={2021}
}

@inproceedings{breck2019data,
  title={Data Validation for Machine Learning.},
  author={Breck, Eric and Polyzotis, Neoklis and Roy, Sudip and Whang, Steven and Zinkevich, Martin},
  booktitle={MLSys},
  year={2019}
}

@article{sawadogo2021data,
  title={On data lake architectures and metadata management},
  author={Sawadogo, Pegdwend{\'e} and Darmont, J{\'e}r{\^o}me},
  journal={Journal of Intelligent Information Systems},
  volume={56},
  number={1},
  pages={97--120},
  year={2021},
  publisher={Springer}
}

@article{singh2018scalable,
  title={Scalable metadata management techniques for ultra-large distributed storage systems--A systematic review},
  author={Singh, Harcharan Jit and Bawa, Seema},
  journal={ACM Computing Surveys (CSUR)},
  volume={51},
  number={4},
  pages={1--37},
  year={2018},
  publisher={ACM New York, NY, USA}
}

@article{Startupinnov2019,
author = {Martin, Nicholas and Matt, Christian and Niebel, Crispin and Blind, Knut},
year = {2019},
month = {12},
pages = {},
title = {How Data Protection Regulation Affects Startup Innovation},
volume = {21},
journal = {Information Systems Frontiers},
doi = {10.1007/s10796-019-09974-2}
}

