@article{pan2009survey,
  title={A survey on transfer learning},
  author={Pan, Sinno Jialin and Yang, Qiang},
  journal={IEEE Transactions on knowledge and data engineering},
  volume={22},
  number={10},
  pages={1345--1359},
  year={2009},
  publisher={IEEE}
}

% GRU
@article{chung2014empirical,
  title={Empirical evaluation of gated recurrent neural networks on sequence modeling},
  author={Chung, Junyoung and Gulcehre, Caglar and Cho, KyungHyun and Bengio, Yoshua},
  journal={arXiv preprint arXiv:1412.3555},
  year={2014}
}

% BERT
@article{devlin2018bert,
  title={Bert: Pre-training of deep bidirectional transformers for language understanding},
  author={Devlin, Jacob and Chang, Ming-Wei and Lee, Kenton and Toutanova, Kristina},
  journal={arXiv preprint arXiv:1810.04805},
  year={2018}
}

% transformer
@inproceedings{vaswani2017attention,
  title={Attention is all you need},
  author={Vaswani, Ashish and Shazeer, Noam and Parmar, Niki and Uszkoreit, Jakob and Jones, Llion and Gomez, Aidan N and Kaiser, {\L}ukasz and Polosukhin, Illia},
  booktitle={Advances in neural information processing systems},
  pages={5998--6008},
  year={2017}
}

@inproceedings{socher2013zero,
  title={Zero-shot learning through cross-modal transfer},
  author={Socher, Richard and Ganjoo, Milind and Manning, Christopher D and Ng, Andrew},
  booktitle={Advances in neural information processing systems},
  pages={935--943},
  year={2013}
}

@inproceedings{albanie2018emotion,
  author    = {Samuel Albanie and
               Arsha Nagrani and
               Andrea Vedaldi and
               Andrew Zisserman},
  title     = {Emotion Recognition in Speech using Cross-Modal Transfer in the Wild},
  booktitle = {2018 {ACM} Multimedia Conference on Multimedia Conference, {MM} 2018,
               Seoul, Republic of Korea, October 22-26, 2018},
  pages     = {292--301},
  year      = {2018},
  url       = {https://doi.org/10.1145/3240508.3240578},
  doi       = {10.1145/3240508.3240578},
  timestamp = {Wed, 21 Nov 2018 12:44:21 +0100},
  bibsource = {dblp computer science bibliography, https://dblp.org}
}

@article{voigt2017the76,
  title={The EU General Data Protection Regulation (GDPR)},
  author={Voigt, Paul and Von dem Bussche, Axel},
  journal={A Practical Guide, 1st Ed., Cham: Springer International Publishing},
  year={2017},
  publisher={Springer}
}

@article{wollmer2013youtube,
  title={Youtube movie reviews: Sentiment analysis in an audio-visual context},
  author={W{\"o}llmer, Martin and Weninger, Felix and Knaup, Tobias and Schuller, Bj{\"o}rn and Sun, Congkai and Sagae, Kenji and Morency, Louis-Philippe},
  journal={IEEE Intelligent Systems},
  volume={28},
  number={3},
  pages={46--53},
  year={2013},
  publisher={IEEE}
}

@inproceedings{rozgic2012ensemble,
  title={Ensemble of svm trees for multimodal emotion recognition},
  author={Rozgi{\'c}, Viktor and Ananthakrishnan, Sankaranarayanan and Saleem, Shirin and Kumar, Rohit and Prasad, Rohit},
  booktitle={Proceedings of The 2012 Asia Pacific Signal and Information Processing Association Annual Summit and Conference},
  pages={1--4},
  year={2012},
  organization={IEEE}
}

@article{eyben2010line,
  title={On-line emotion recognition in a 3-D activation-valence-time continuum using acoustic and linguistic cues},
  author={Eyben, Florian and W{\"o}llmer, Martin and Graves, Alex and Schuller, Bj{\"o}rn and Douglas-Cowie, Ellen and Cowie, Roddy},
  journal={Journal on Multimodal User Interfaces},
  volume={3},
  number={1-2},
  pages={7--19},
  year={2010},
  publisher={Springer}
}

@article{wu2010emotion,
  title={Emotion recognition of affective speech based on multiple classifiers using acoustic-prosodic information and semantic labels},
  author={Wu, Chung-Hsien and Liang, Wei-Bin},
  journal={IEEE Transactions on Affective Computing},
  volume={2},
  number={1},
  pages={10--21},
  year={2010},
  publisher={IEEE}
}

@article{zadeh2017tensor,
  title={Tensor fusion network for multimodal sentiment analysis},
  author={Zadeh, Amir and Chen, Minghai and Poria, Soujanya and Cambria, Erik and Morency, Louis-Philippe},
  journal={arXiv preprint arXiv:1707.07250},
  year={2017}
}

@article{poria2017ensemble,
  title={Ensemble application of convolutional neural networks and multiple kernel learning for multimodal sentiment analysis},
  author={Poria, Soujanya and Peng, Haiyun and Hussain, Amir and Howard, Newton and Cambria, Erik},
  journal={Neurocomputing},
  volume={261},
  pages={217--230},
  year={2017},
  publisher={Elsevier}
}

@inproceedings{poria2016convolutional,
  title={Convolutional MKL based multimodal emotion recognition and sentiment analysis},
  author={Poria, Soujanya and Chaturvedi, Iti and Cambria, Erik and Hussain, Amir},
  booktitle={2016 IEEE 16th international conference on data mining (ICDM)},
  pages={439--448},
  year={2016},
  organization={IEEE}
}

@inproceedings{poria2017context,
  title={Context-dependent sentiment analysis in user-generated videos},
  author={Poria, Soujanya and Cambria, Erik and Hazarika, Devamanyu and Majumder, Navonil and Zadeh, Amir and Morency, Louis-Philippe},
  booktitle={Proceedings of the 55th Annual Meeting of the Association for Computational Linguistics (Volume 1: Long Papers)},
  pages={873--883},
  year={2017}
}

@inproceedings{metallinou2008audio,
  title={Audio-visual emotion recognition using gaussian mixture models for face and voice},
  author={Metallinou, Angeliki and Lee, Sungbok and Narayanan, Shrikanth},
  booktitle={2008 Tenth IEEE International Symposium on Multimedia},
  pages={250--257},
  year={2008},
  organization={IEEE}
}


@article{dumpala2019audio,
  title={Audio-Visual Fusion for Sentiment Classification using Cross-Modal Autoencoder},
  author={Dumpala, Sri Harsha and Sheikh, Imran and Chakraborty, Rupayan and Kopparapu, Sunil Kumar},
  year={2018},
  journal={NIPS2018 ViGIL Workshop},
  organization={ViGIL}
}

@article{chen2019sentiment,
  author    = {Feiyang Chen and
               Ziqian Luo},
  title     = {Sentiment Analysis using Deep Robust Complementary Fusion of Multi-Features
               and Multi-Modalities},
  journal   = {CoRR},
  volume    = {abs/1904.08138},
  year      = {2019},
  url       = {http://arxiv.org/abs/1904.08138},
  archivePrefix = {arXiv},
  eprint    = {1904.08138},
  timestamp = {Thu, 02 May 2019 12:37:45 +0200},
  biburl    = {https://dblp.org/rec/bib/journals/corr/abs-1904-08138},
  bibsource = {dblp computer science bibliography, https://dblp.org}
}

@article{majumder2018multimodal,
  title={Multimodal sentiment analysis using hierarchical fusion with context modeling},
  author={Majumder, Navonil and Hazarika, Devamanyu and Gelbukh, Alexander and Cambria, Erik and Poria, Soujanya},
  journal={Knowledge-Based Systems},
  volume={161},
  pages={124--133},
  year={2018},
  publisher={Elsevier}
}

@article{poria2018multimodal,
  title={Multimodal Sentiment Analysis: Addressing Key Issues and Setting Up the Baselines},
  author={Poria, Soujanya and Majumder, Navonil and Hazarika, Devamanyu and Cambria, Erik and Gelbukh, Alexander and Hussain, Amir},
  journal={IEEE Intelligent Systems},
  volume={33},
  number={6},
  pages={17--25},
  year={2018},
  publisher={IEEE}
}

@inproceedings{li2019acoustic,
author    = {Bryan Li and
               Dimitrios Dimitriadis and
               Andreas Stolcke},
title     = {Acoustic and Lexical Sentiment Analysis for Customer Service Calls},
booktitle = {{ICASSP}},
pages     = {5876--5880},
publisher = {{IEEE}},
year      = {2019}
}

@proceedings{aguilar2019multimodal,
  editor    = {Anna Korhonen and
               David R. Traum and
               Llu{\'{\i}}s M{\`{a}}rquez},
  title     = {Proceedings of the 57th Conference of the Association for Computational
               Linguistics, {ACL} 2019, Florence, Italy, July 28- August 2, 2019,
               Volume 1: Long Papers},
  publisher = {Association for Computational Linguistics},
  year      = {2019},
  url       = {https://www.aclweb.org/anthology/P19-1000/},
  isbn      = {978-1-950737-48-2},
  timestamp = {Mon, 19 Aug 2019 18:08:28 +0200},
  biburl    = {https://dblp.org/rec/bib/conf/acl/2019-1},
  bibsource = {dblp computer science bibliography, https://dblp.org}
}

% ==== DATASET and Toolkits ====
@article{busso2008iemocap,
  title={IEMOCAP: Interactive emotional dyadic motion capture database},
  author={Busso, Carlos and Bulut, Murtaza and Lee, Chi-Chun and Kazemzadeh, Abe and Mower, Emily and Kim, Samuel and Chang, Jeannette N and Lee, Sungbok and Narayanan, Shrikanth S},
  journal={Language resources and evaluation},
  volume={42},
  number={4},
  pages={335},
  year={2008},
  publisher={Springer}
}



@inproceedings{eyben2010opensmile,
  title={Opensmile: the munich versatile and fast open-source audio feature extractor},
  author={Eyben, Florian and W{\"o}llmer, Martin and Schuller, Bj{\"o}rn},
  booktitle={Proceedings of the 18th ACM international conference on Multimedia},
  pages={1459--1462},
  year={2010},
  organization={ACM}
}

% CMU-MOSI
@article{zadeh2016mosi,
  title={MOSI: multimodal corpus of sentiment intensity and subjectivity analysis in online opinion videos},
  author={Zadeh, Amir and Zellers, Rowan and Pincus, Eli and Morency, Louis-Philippe},
  journal={arXiv preprint arXiv:1606.06259},
  year={2016}
}

% CMU-MOSEI
@inproceedings{zadeh2018multimodal,
  title={Multimodal language analysis in the wild: Cmu-mosei dataset and interpretable dynamic fusion graph},
  author={Zadeh, AmirAli Bagher and Liang, Paul Pu and Poria, Soujanya and Cambria, Erik and Morency, Louis-Philippe},
  booktitle={Proceedings of the 56th Annual Meeting of the Association for Computational Linguistics (Volume 1: Long Papers)},
  pages={2236--2246},
  year={2018}
}

% SDK
@inproceedings{zadeh2018multi,
  title={Multi-attention recurrent network for human communication comprehension},
  author={Zadeh, Amir and Liang, Paul Pu and Poria, Soujanya and Vij, Prateek and Cambria, Erik and Morency, Louis-Philippe},
  booktitle={Thirty-Second AAAI Conference on Artificial Intelligence},
  year={2018}
}

% PyVacy
@article{waites2019pyvacy,
  title={PyVacy: Towards Practical Differential Privacy for Deep Learning},
  author={Waites, Christopher},
  year={2019},
  journal={Article},
  publisher={Georgia Institute of Technology}
}

@article{singh2021classification,
  title={Classification of Code-Mixed Bilingual Phonetic Text Using Sentiment Analysis},
  author={Singh, Shailendra Kumar and Sachan, Manoj Kumar},
  journal={International Journal on Semantic Web and Information Systems (IJSWIS)},
  volume={17},
  number={2},
  pages={59--78},
  year={2021},
  publisher={IGI Global}
}

@article{liu2020secure,
  title={A secure federated transfer learning framework},
  author={Liu, Yang and Kang, Yan and Xing, Chaoping and Chen, Tianjian and Yang, Qiang},
  journal={IEEE Intelligent Systems},
  volume={35},
  number={4},
  pages={70--82},
  year={2020},
  publisher={IEEE}
}
{"mode":"full","isActive":false}

@misc{dpreference,
 title={Google’s Differential Privacy May be Better Than Apple’s},
 author={Andrew Orr},
 year={2017},
 publisher={The Mac Observer},
 url={https://www.macobserver.com/analysis/google-apple-differential-privacy/}
}

@article{peng2021phonetic,
  title={Phonetic-enriched text representation for Chinese sentiment analysis with reinforcement learning},
  author={Peng, Haiyun and Ma, Yukun and Poria, Soujanya and Li, Yang and Cambria, Erik},
  journal={Information Fusion},
  volume={70},
  pages={88--99},
  year={2021},
  publisher={Elsevier}
}

@article{yang2019federated,
  title={Federated machine learning: Concept and applications},
  author={Yang, Qiang and Liu, Yang and Chen, Tianjian and Tong, Yongxin},
  journal={ACM Transactions on Intelligent Systems and Technology (TIST)},
  volume={10},
  number={2},
  pages={1--19},
  year={2019},
  publisher={ACM New York, NY, USA}
}
@book{yang2020federated,
  title={Federated Learning},
  author={Yang, Qiang and Liu, Yang and Cheng, Yong and Kang, Yan and Chen, Tianjian and Yu, Han},
  year={2020},
  publisher={Morgan \& Claypool Publishers}
}

% PyTorch
@inproceedings{paszke2017automatic,
  title={Automatic Differentiation in {PyTorch}},
  author={Paszke, Adam and Gross, Sam and Chintala, Soumith and Chanan, Gregory and Yang, Edward and DeVito, Zachary and Lin, Zeming and Desmaison, Alban and Antiga, Luca and Lerer, Adam},
  booktitle={NIPS Autodiff Workshop},
  year={2017}
}
% ==== Related Works ====
@article{mcmahan2016communication,
  title={Communication-efficient learning of deep networks from decentralized data},
  author={McMahan, H Brendan and Moore, Eider and Ramage, Daniel and Hampson, Seth and others},
  journal={arXiv preprint arXiv:1602.05629},
  year={2016}
}


@inproceedings{bonawitz2017practical,
  title={Practical secure aggregation for privacy-preserving machine learning},
  author={Bonawitz, Keith and Ivanov, Vladimir and Kreuter, Ben and Marcedone, Antonio and McMahan, H Brendan and Patel, Sarvar and Ramage, Daniel and Segal, Aaron and Seth, Karn},
  booktitle={proceedings of the 2017 ACM SIGSAC Conference on Computer and Communications Security},
  pages={1175--1191},
  year={2017}
}


@article{kim2014convolutional,
  title={Convolutional neural networks for sentence classification},
  author={Kim, Yoon},
  journal={arXiv preprint arXiv:1408.5882},
  year={2014}
}

@article{dwork2014algorithmic,
  title={The algorithmic foundations of differential privacy},
  author={Dwork, Cynthia and Roth, Aaron and others},
  journal={Foundations and Trends{\textregistered} in Theoretical Computer Science},
  volume={9},
  number={3--4},
  pages={211--407},
  year={2014},
  publisher={Now Publishers, Inc.}
}

@inproceedings{abadi2016deep,
  title={Deep learning with differential privacy},
  author={Abadi, Martin and Chu, Andy and Goodfellow, Ian and McMahan, H Brendan and Mironov, Ilya and Talwar, Kunal and Zhang, Li},
  booktitle={Proceedings of the 2016 ACM SIGSAC Conference on Computer and Communications Security},
  pages={308--318},
  year={2016},
  organization={ACM}
}

@inproceedings{dwork2006calibrating,
  title={Calibrating noise to sensitivity in private data analysis},
  author={Dwork, Cynthia and McSherry, Frank and Nissim, Kobbi and Smith, Adam},
  booktitle={Theory of cryptography conference},
  pages={265--284},
  year={2006},
  organization={Springer}
}

@article{rivest1978data,
  title={On data banks and privacy homomorphisms},
  author={Rivest, Ronald L and Adleman, Len and Dertouzos, Michael L and others},
  journal={Foundations of secure computation},
  volume={4},
  number={11},
  pages={169--180},
  year={1978}
}

@inproceedings{yao1986generate,
  title={How to generate and exchange secrets},
  author={Yao, Andrew Chi-Chih},
  booktitle={| 27th Annual Symposium on Foundations of Computer Science},
  pages={162--167},
  year={1986},
  organization={IEEE}
}

@inproceedings{yao1982protocols,
  title={Protocols for secure computations},
  author={Yao, Andrew Chi-Chih},
  booktitle={FOCS},
  volume={82},
  pages={160--164},
  year={1982}
}