@string{ acl = "Proceedings of ACL" }
@string{ aistats = "Proceedings of AISTATS"}
@string{ clef = "Proceedings of CLEF" }
@string{ cscw = "Proceedings of CSCW" }
@string{ cikm = "Proceedings of CIKM" }
@string{ chi = "Proceedings of CHI" }
@string{ cvpr = "Proceedings of CVPR"}
@string{ dsaa = "Proceedings of DSAA"}
@string{ ecir= "Proceedings of ECIR"}
@string{ emnlp = "Proceedings of EMNLP"}
@string{ hcomp = "Proceedings of HCOMP"}
@string{ ictir = "Proceedings of ICTIR" }
@string{ ijcai = "Proceedings of IJCAI"}
@string{ kdd = "Proceedings of KDD" }
@string{ naacl = "Proceedings of NAACL-HLT" }
@string{ sigir = "Proceedings of SIGIR" }
@string{ wsdm = "Proceedings of WSDM" }
@string{ websci = "Proceedings of WebSci" }
@string{ www = "Proceedings of TheWebConf" }

@article{amershi2014power, 
  title={Power to the People: The Role of Humans in Interactive Machine Learning}, 
  volume={35}, 
  hideurl={https://www.aaai.org/ojs/index.php/aimagazine/article/view/2513},
  hideDOI={10.1609/aimag.v35i4.2513}, 
  hideabstractNote={Intelligent systems that learn interactively from their end-users are quickly becoming widespread. Until recently, this progress has been fueled mostly by advances in machine learning; however, more and more researchers are realizing the importance of studying users of these systems. In this article we promote this approach and demonstrate how it can result in better user experiences and more effective learning systems. We present a number of case studies that characterize the impact of interactivity, demonstrate ways in which some existing systems fail to account for the user, and explore new ways for learning systems to interact with their users. We argue that the design process for interactive machine learning systems should involve users at all stages: explorations that reveal human interaction patterns and inspire novel interaction methods, as well as refinement stages to tune details of the interface and choose among alternatives. After giving a glimpse of the progress that has been made so far, we discuss the challenges that we face in moving the field forward.},
  number={4},
  journal={AI Magazine}, 
  author={Amershi, Saleema and Cakmak, Maya and Knox, William Bradley and Kulesza, Todd},
  year={2014}, 
  hidemonth={Dec.}, 
  pages={105--120}
}

@article{joachims2007search,
  author={Thorsten Joachims and Filip Radlinski},
  journal={Computer}, 
  title={Search Engines that Learn from Implicit Feedback}, 
  year={2007},
  volume={40},
  number={8},
  pages={34--40}
 }

@inproceedings{weiss2010structured,
  title={Structured prediction cascades},
  author={Weiss, David and Taskar, Benjamin},
  hidebooktitle={Proceedings of the Thirteenth International Conference on Artificial Intelligence and Statistics},
  booktitle=aistats,
  pages={916--923},
  year={2010}
}

@inproceedings{cerone2020wnc,
  author={Cerone, Assunta and Naghizade,  Elham  and Scholer, Falk  and
                  Mallal, Devi and  Skelton, Russell and Spina, Damiano},
  title={{Watch 'n' Check}: Towards a Social Media Monitoring Tool to Assist Fact-Checking Experts},
  hidebooktitle={2020 IEEE International Conference on Data Science and Advanced Analytics (DSAA)}, 
  booktitle = dsaa,
  year={2020}
}

@inproceedings{viola2001rapid,
  title={Rapid object detection using a boosted cascade of simple features},
  author={Viola, Paul and Jones, Michael},
  hidebooktitle={Proceedings of the 2001 IEEE computer society conference on computer vision and pattern recognition. CVPR 2001},
  booktitle=cvpr,
  volume={1},
  pages={I--I},
  year={2001},
  organization={IEEE}
}


@inproceedings{wang2011cascade,
  title={A cascade ranking model for efficient ranked retrieval},
  author={Wang, Lidan and Lin, Jimmy and Metzler, Donald},
  hidebooktitle={Proceedings of the 34th international ACM SIGIR conference on Research and development in Information Retrieval},
  booktitle=sigir,
  pages={105--114},
  year={2011}
}


@article{zelizer2018resetting,
  title={Resetting journalism in the aftermath of Brexit and Trump},
  author={Zelizer, Barbie},
  journal={European Journal of Communication},
  volume={33},
  number={2},
  pages={140--156},
  year={2018},
  publisher={SAGE Publications Sage UK: London, England}
}

@article{howard2016bots,
  title={{Bots, \#StrongerIn, and \#Brexit: Computational propaganda during the UK-EU referendum}},
  author={Howard, Philip N and Kollanyi, Bence},
  journal={Available at SSRN 2798311},
  year={2016}
}


@article{bovet2019influence,
  title={{Influence of fake news in Twitter during the 2016 US presidential election}},
  author={Bovet, Alexandre and Makse, Hern{\'a}n A},
  journal={Nature communications},
  volume={10},
  number={1},
  pages={1--14},
  year={2019},
  publisher={Nature Publishing Group}
}


@article{zappone2020smh,
author={Chris Zappone},
title={{\#ArsonEmergency: How 'Fake News' Created an Information Crisis about the Bushfires}},
journal={The Sydney Morning Herald},
year={2020},
url = {https://www.smh.com.au/world/oceania/arsonemergency-how-fake-news-created-an-information-crisis-about-the-bushfires-20200211-p53zma.html},
note={{Accessed: 31-08-2020.}}
}

@article{alam2020fighting,
  title={{Fighting the COVID-19 Infodemic: Modeling the Perspective of Journalists, Fact-Checkers, Social Media Platforms, Policy Makers, and the Society}},
  author={Alam, Firoj and Shaar, Shaden and Nikolov, Alex and Mubarak, Hamdy and Martino, Giovanni Da San and Abdelali, Ahmed and Dalvi, Fahim and Durrani, Nadir and Sajjad, Hassan and Darwish, Kareem and others},
  eprint={2005.00033},
  archivePrefix={arXiv},
    journal={arXiv preprint arXiv:2005.00033},

  year={2020}
}

@article{nakov2020can,
       author = {{Nakov}, Preslav},
        title = "{Can We Spot the ``Fake News'' Before It Was Even Written?}",
      journal = {arXiv e-prints},
         year = 2020,
          eid = {arXiv:2008.04374},
        pages = {arXiv:2008.04374},
archivePrefix = {arXiv},
       eprint = {2008.04374},
 primaryClass = {cs.CL}
}

@article{graham2020bushfires,
title={{Bushfires, Bots and Arson Claims: Australia Flung in the Global Disinformation Spotlight}},
journal={The Conversation},
year={2020},
author={Timothy Graham and Tobias R. Keller },
url = {https://theconversation.com/bushfires-bots-and-arson-claims-australia-flung-in-the-global-disinformation-spotlight-129556},
note={{Accessed: 31-08-2020.}}
}

@article{mehrabi2019survey,
  title={A survey on bias and fairness in machine learning},
  author={Mehrabi, Ninareh and Morstatter, Fred and Saxena, Nripsuta and Lerman, Kristina and Galstyan, Aram},
  journal={arXiv preprint arXiv:1908.09635},
  year={2019}
}

@article{suresh2019framework,
  title={A framework for understanding unintended consequences of machine learning},
  author={Suresh, Harini and Guttag, John V},
  journal={arXiv preprint arXiv:1901.10002},
  year={2019}
}



@article{olteanu2019social,
  title={Social data: Biases, methodological pitfalls, and ethical boundaries},
  author={Olteanu, Alexandra and Castillo, Carlos and Diaz, Fernando and Kiciman, Emre},
  journal={Frontiers in Big Data},
  volume={2},
  pages={13},
  year={2019},
  publisher={Frontiers}
}

@inproceedings{otterbacher2018investigating,
author = {Otterbacher, Jahna and Checco, Alessandro and Demartini, Gianluca and Clough, Paul},
title = {Investigating User Perception of Gender Bias in Image Search: The Role of Sexism},
year = {2018},
hideisbn = {9781450356572},
hidepublisher = {Association for Computing Machinery},
hideaddress = {New York, NY, USA},
hideurl = {https://doi.org/10.1145/3209978.3210094},
hidedoi = {10.1145/3209978.3210094},
hidebooktitle = {The 41st International ACM SIGIR Conference on Research & Development in Information Retrieval},
booktitle=sigir,
pages = {933--936},
hidenumpages = {4},
hidekeywords = {user perceptions, gender stereotypes, search engine bias},
hidelocation = {Ann Arbor, MI, USA},
hideseries = {SIGIR '18}
}

  




@inproceedings{spina2015active,
author={Spina, Damiano and Peetz, Maria-Hendrike and de Rijke, Maarten},
title={Active Learning for Entity Filtering in Microblog Streams},
hidebooktitle={Proc. of SIGIR'15},
booktitle=sigir,
pages={975--978},
year={2015}
}

@techreport{settles2009active,
  title={Active learning literature survey},
  author={Settles, Burr},
  year={2009},
  institution={University of Wisconsin-Madison Department of Computer Sciences}
}



@article{deng2016duality,
  title={The duality of empowerment and marginalization in microtask crowdsourcing: Giving voice to the less powerful through value sensitive design},
  author={Deng, Xuefei and Joshi, KD and Galliers, Robert D},
  journal={Mis Quarterly},
  volume={40},
  number={2},
  pages={279--302},
  year={2016},
  publisher={Society for Information Management and The Management Information Systems~…}
}

@inproceedings{sapiezynski2019quantifying,
  title={Quantifying the Impact of User Attention on Fair Group Representation in Ranked Lists},
  author={Sapiezynski, Piotr and Zeng, Wesley and E Robertson, Ronald and Mislove, Alan and Wilson, Christo},
  hidebooktitle={Companion Proceedings of The 2019 World Wide Web Conference},
  booktitle=www,
  pages={553--562},
  year={2019},
  organization={ACM}
}

@phdthesis{adda2014crowdsourcing,
  title={Crowdsourcing for Speech: Economic, Legal and Ethical analysis},
  author={Adda, Gilles and Mariani, Joseph and Besacier, Laurent and Gelas, Hadrien},
  year={2014},
  school={LIG lab}
}

@article{gellman2015crowdsourcing,
  title={Crowdsourcing, citizen science, and the law: legal issues affecting federal agencies},
  author={Gellman, Robert},
  journal={Commons Lab, Woodrow Wilson International Center for Scholars},
  year={2015}
}

@article{brey2000disclosive,
  title={Disclosive computer ethics},
  author={Brey, Philip},
  journal={ACM Sigcas Computers and Society},
  volume={30},
  number={4},
  pages={10--16},
  year={2000},
  publisher={ACM}
}

@article{diakopoulos2016accountability,
  title={Accountability in algorithmic decision making},
  author={Diakopoulos, Nicholas},
  journal={Communications of the ACM},
  volume={59},
  number={2},
  pages={56--62},
  year={2016},
  publisher={ACM}
}

@book{hasselbalch2016data,
  title={Data ethics: The new competitive advantage},
  author={Hasselbalch, Gry and Tranberg, Pernille},
  year={2016},
  publisher={Publishare}
}

@article{kirkpatrick2016battling,
  title={Battling algorithmic bias: How do we ensure algorithms treat us fairly?},
  author={Kirkpatrick, Keith},
  journal={Communications of the ACM},
  volume={59},
  number={10},
  pages={16--17},
  year={2016},
  publisher={ACM}
}

@article{mason1986four,
  title={Four ethical issues of the information age},
  author={Mason, Richard O},
  journal={Mis Quarterly},
  pages={5--12},
  year={1986},
  publisher={JSTOR}
}

@book{executive2016big,
  title={Big data: A report on algorithmic systems, opportunity, and civil rights},
  author={Executive Office of the President and Munoz, Cecilia and Director, Domestic Policy Council and Megan (US Chief Technology Officer Smith (Office of Science and Technology Policy)) and DJ (Deputy Chief Technology Officer for Data Policy and Chief Data Scientist Patil (Office of Science and Technology Policy))},
  year={2016},
  publisher={Executive Office of the President}
}

@book{pasquale2015black,
  title={The black box society},
  author={Pasquale, Frank},
  year={2015},
  publisher={Harvard University Press}
}

@inproceedings{singh2018fairness,
  title={Fairness of exposure in rankings},
  author={Singh, Ashudeep and Joachims, Thorsten},
  booktitle={Proceedings of the 24th ACM SIGKDD International Conference on Knowledge Discovery \& Data Mining},
  pages={2219--2228},
  year={2018},
  organization={ACM}
}

@article{smith2011information,
  title={Information privacy research: an interdisciplinary review},
  author={Smith, H Jeff and Dinev, Tamara and Xu, Heng},
  journal={MIS quarterly},
  volume={35},
  number={4},
  pages={989--1016},
  year={2011},
  publisher={Society for Information Management and The Management Information Systems~…}
}

@inproceedings{speicher2018unified,
  title={A Unified Approach to Quantifying Algorithmic Unfairness: Measuring Individual \&Group Unfairness via Inequality Indices},
  author={Speicher, Till and Heidari, Hoda and Grgic-Hlaca, Nina and Gummadi, Krishna P and Singla, Adish and Weller, Adrian and Zafar, Muhammad Bilal},
  booktitle={Proceedings of the 24th ACM SIGKDD International Conference on Knowledge Discovery \& Data Mining},
  pages={2239--2248},
  year={2018},
  organization={ACM}
}

@article{ford2015crowdsourcing,
  title={Crowdsourcing: A new way of employing non-employees?},
  author={Ford, Robert C and Richard, Brendan and Ciuchta, Michael P},
  journal={Business Horizons},
  volume={58},
  number={4},
  pages={377--388},
  year={2015},
  publisher={Elsevier}
}

@article{howe2006rise,
  title={The rise of crowdsourcing},
  author={Howe, Jeff},
  journal={Wired magazine},
  volume={14},
  number={6},
  pages={1--4},
  year={2006}
}

@book{o2016weapons,
  title={Weapons of math destruction: How big data increases inequality and threatens democracy},
  author={O'neil, Cathy},
  year={2016},
  publisher={Broadway Books}
}

@article{saxton2013rules,
  title={Rules of crowdsourcing: Models, issues, and systems of control},
  author={Saxton, Gregory D and Oh, Onook and Kishore, Rajiv},
  journal={Information Systems Management},
  volume={30},
  number={1},
  pages={2--20},
  year={2013},
  publisher={Taylor \& Francis}
}

@inproceedings{schmidt2013good,
  title={The good, the bad and the ugly: Why crowdsourcing needs ethics},
  author={Schmidt, Florian Alexander},
  booktitle={2013 International Conference on Cloud and Green Computing},
  pages={531--535},
  year={2013},
  organization={IEEE}
}

@article{williamson2016ethics,
  title={On the ethics of crowdsourced research},
  author={Williamson, Vanessa},
  journal={PS: Political Science \& Politics},
  volume={49},
  number={1},
  pages={77--81},
  year={2016},
  publisher={Cambridge University Press}
}

@article{Rahwan2018,
  title={Society-in-the-loop: programming the algorithmic social contract},
  author={Rahwan, I.},
  journal={EIT: Ethics and Information Technology},
  volume={20},
  number={1},
  pages={5-14},
  year={2018},
  publisher={Springer}
}

@article{graber2013internet,
  title={Internet-based crowdsourcing and research ethics: the case for IRB review},
  author={Graber, Mark A and Graber, Abraham},
  journal={Journal of medical ethics},
  volume={39},
  number={2},
  pages={115--118},
  year={2013},
  publisher={Institute of Medical Ethics}
}

@inproceedings{harris2011dirty,
  title={Dirty deeds done dirt cheap: a darker side to crowdsourcing},
  author={Harris, Christopher G},
  booktitle={2011 IEEE Third International Conference on Privacy, Security, Risk and Trust and 2011 IEEE Third International Conference on Social Computing},
  pages={1314--1317},
  year={2011},
  organization={IEEE}
}

@inproceedings{adda2011crowdsourcing,
  title={Crowdsourcing for language resource development: Critical analysis of amazon mechanical turk overpowering use},
  author={Adda, Gilles and Sagot, Beno{\^\i}t and Fort, Kar{\"e}n and Mariani, Joseph},
  booktitle={5th Language and Technology Conference},
  year={2011}
}

@inproceedings{boim2012asking,
  title={Asking the right questions in crowd data sourcing},
  author={Boim, Rubi and Greenshpan, Ohad and Milo, Tova and Novgorodov, Slava and Polyzotis, Neoklis and Tan, Wang-Chiew},
  booktitle={2012 IEEE 28th International Conference on Data Engineering},
  pages={1261--1264},
  year={2012},
  organization={IEEE}
}



@article{10.2307/2937787,
 ISSN = {00335533, 15314650},
 URL = {http://www.jstor.org/stable/2937787},
 abstract = {This paper introduces the fair wage-effort hypothesis and explores its implications. This hypothesis is motivated by equity theory in social psychology and social exchange theory in sociology. According to the fair wage-effort hypothesis, workers proportionately withdraw effort as their actual wage falls short of their fair wage. Such behavior causes unemployment and is also consistent with observed cross-section wage differentials and unemployment patterns.},
 author = {George A. Akerlof and Janet L. Yellen},
 journal = {The Quarterly Journal of Economics},
 number = {2},
 pages = {255--283},
 publisher = {Oxford University Press},
 title = {The Fair Wage-Effort Hypothesis and Unemployment},
 volume = {105},
 year = {1990}
}

@article{malone2018human,
  title={How human-computer’Superminds’ are redefining the future of work},
  author={Malone, Thomas W},
  journal={MIT Sloan Management Review},
  volume={59},
  number={4},
  pages={34--41},
  year={2018},
  publisher={Massachusetts Institute of Technology, Cambridge, MA}
}

@article{rahwan2018society,
  title={Society-in-the-loop: programming the algorithmic social contract},
  author={Rahwan, Iyad},
  journal={Ethics and Information Technology},
  volume={20},
  number={1},
  pages={5--14},
  year={2018},
  publisher={Springer}
}


@inproceedings{kittur2013future,
  title={The future of crowd work},
  author={Kittur, Aniket and Nickerson, Jeffrey V and Bernstein, Michael and Gerber, Elizabeth and Shaw, Aaron and Zimmerman, John and Lease, Matt and Horton, John},
  booktitle={Proceedings of the 2013 conference on Computer supported cooperative work},
  pages={1301--1318},
  year={2013},
  organization={ACM}
}

@inproceedings{dynamo,
  title={We are dynamo: Overcoming stalling and friction in collective action for crowd workers},
  author={Salehi, Niloufar and Irani, Lilly C and Bernstein, Michael S and Alkhatib, Ali and Ogbe, Eva and Milland, Kristy and others},
  booktitle={Proceedings of the 33rd annual ACM conference on human factors in computing systems},
  pages={1621--1630},
  year={2015},
  organization={ACM}
}

@inproceedings{earnings,
  title={A data-driven analysis of workers' earnings on amazon mechanical turk},
  author={Hara, Kotaro and Adams, Abigail and Milland, Kristy and Savage, Saiph and Callison-Burch, Chris and Bigham, Jeffrey P},
  booktitle={Proceedings of the 2018 CHI Conference on Human Factors in Computing Systems},
  pages={449},
  year={2018},
  organization={ACM}
}

@article{auditing,
  title={Auditing algorithms: Research methods for detecting discrimination on internet platforms},
  author={Sandvig, Christian and Hamilton, Kevin and Karahalios, Karrie and Langbort, Cedric},
  journal={Data and discrimination: converting critical concerns into productive inquiry},
  volume={22},
  year={2014}
}

@article{gwap,
  title={Games with a purpose},
  author={Von Ahn, Luis},
  journal={Computer},
  volume={39},
  number={6},
  pages={92--94},
  year={2006},
  publisher={IEEE}
}

@article{claimbuster,
  title={{ClaimBuster}: The first-ever end-to-end fact-checking system},
  author={Hassan, Naeemul and Zhang, Gensheng and Arslan, Fatma and Caraballo, Josue and Jimenez, Damian and Gawsane, Siddhant and Hasan, Shohedul and Joseph, Minumol and Kulkarni, Aaditya and Nayak, Anil Kumar and others},
  journal={Proceedings of the VLDB Endowment},
  volume={10},
  number={12},
  pages={1945--1948},
  year={2017},
  hidepublisher={VLDB Endowment}
}

@inproceedings{checkthat,
  title={Overview of the {CLEF-2019 CheckThat! Lab}: Automatic identification and verification of claims},
  author={Elsayed, Tamer and Nakov, Preslav and Barr{\'o}n-Cedeno, Alberto and Hasanain, Maram and Suwaileh, Reem and Da San Martino, Giovanni and Atanasova, Pepa},
  hidebooktitle={International Conference of the Cross-Language Evaluation Forum for European Languages},
  booktitle=clef,
  pages={301--321},
  year={2019},
  hideorganization={Springer}
}

@article{scrutinizer,
  title={Scrutinizer: A Mixed-Initiative Approach to Large-Scale, Data-Driven Claim Verification},
  author={Karagiannis, Georgios and Saeed, Mohammed and Papotti, Paolo and Trummer, Immanuel},
    journal={Proceedings of the VLDB Endowment},
  volume={13},
  number={11},
  pages={2508--2521},
  year={2020},
  publisher={VLDB Endowment}
}

@article{kuklinski2000misinformation,
  title={Misinformation and the currency of democratic citizenship},
  author={Kuklinski, James H and Quirk, Paul J and Jerit, Jennifer and Schwieder, David and Rich, Robert F},
  journal={Journal of Politics},
  volume={62},
  number={3},
  pages={790--816},
  year={2000},
  publisher={Wiley Online Library}
}


@article{del2016spreading,
  title={The spreading of misinformation online},
  author={Del Vicario, Michela and Bessi, Alessandro and Zollo, Fabiana and Petroni, Fabio and Scala, Antonio and Caldarelli, Guido and Stanley, H Eugene and Quattrociocchi, Walter},
  hidejournal={Proceedings of the National Academy of Sciences},
  journal = {PNAS},
  volume={113},
  number={3},
  pages={554--559},
  year={2016},
  hidepublisher={National Acad Sciences}
}

@article{wardle2017fake,
  title={Fake news. {I}t’s complicated},
  author={Wardle, Claire},
  journal={First Draft},
  volume={16},
  year={2017}
}

@article{starbird2019disinformation,
  title={Disinformation as collaborative work: Surfacing the participatory nature of strategic information operations},
  author={Starbird, Kate and Arif, Ahmer and Wilson, Tom},
  hidejournal={Proceedings of the ACM on Human-Computer Interaction},
  journal={PACMHCI},
  volume={3},
  number={CSCW},
  pages={1--26},
  year={2019},
  publisher={ACM New York, NY, USA}
}

@inproceedings{roitero2020can,
  title={Can The Crowd Identify Misinformation Objectively? {T}he Effects of Judgment Scale and Assessor's Background},
  author={Roitero, Kevin and Soprano, Michael and Fan, Shaoyang and Spina, Damiano and Mizzaro, Stefano and Demartini, Gianluca},
  hidebooktitle={Proceedings of the 43rd International ACM SIGIR Conference on Research and Development in Information Retrieval},
  booktitle=sigir,
  pages={439--448},
  year={2020}
}

@inproceedings{miranda2019automated,
  title={Automated fact checking in the news room},
  author={Miranda, Sebasti{\~a}o and Nogueira, David and Mendes, Afonso and Vlachos, Andreas and Secker, Andrew and Garrett, Rebecca and Mitchel, Jeff and Marinho, Zita},
  hidebooktitle={The World Wide Web Conference},
  booktitle=www,
  pages={3579--3583},
  year={2019}
}

@inproceedings{roitero2020covid,
  title={The COVID-19 Infodemic: Can the Crowd Judge Recent Misinformation Objectively?},
  author={Roitero, Kevin and Soprano, Michael and Portelli, Beatrice and Spina, Damiano and Della Mea, Vincenzo and Serra, Giuseppe and Mizzaro, Stefano and Demartini, Gianluca},
  note={In press. arXiv preprint arXiv:2008.05701},
  year={2020},
  hidebooktitle={Proceedings of the 29th International ACM International Conference on Information and Knowledge Management (CIKM2020)},
  booktitle=cikm
}

@inproceedings{bailey2008relevance,
  acmid = {1390447},
  added-at = {2011-07-28T11:14:05.000+0200},
  hideaddress = {New York, NY, USA},
  author = {Bailey, Peter and Craswell, Nick and Soboroff, Ian and Thomas, Paul and de Vries, Arjen P. and Yilmaz, Emine},
  biburl = {https://www.bibsonomy.org/bibtex/2a1b01c9e1c9475f59b9d4676864b50ae/beate},
  hidebooktitle = {Proceedings of the 31st annual international ACM SIGIR conference on Research and development in information retrieval},
  booktitle=sigir,
  description = {Relevance assessment},
  hidedoi = {10.1145/1390334.1390447},
  interhash = {260a476c465a8519ddc9410baa3e3b72},
  intrahash = {a1b01c9e1c9475f59b9d4676864b50ae},
  hdieisbn = {978-1-60558-164-4},
  keywords = {assessment evaluation gold-standard human-annotation study},
  hidelocation = {Singapore, Singapore},
  numpages = {8},
  pages = {667--674},
  hidepublisher = {ACM},
  hideseries = {SIGIR '08},
  timestamp = {2011-07-28T11:14:05.000+0200},
  title = {Relevance assessment: Are judges exchangeable and does it matter?},
  hideurl = {http://doi.acm.org/10.1145/1390334.1390447},
  year = 2008
}

@article{uu,
  title={Beat the machine: Challenging humans to find a predictive model's “unknown unknowns”},
  author={Attenberg, Joshua and Ipeirotis, Panos and Provost, Foster},
  journal={Journal of Data and Information Quality (JDIQ)},
  volume={6},
  number={1},
  pages={1--17},
  year={2015},
  publisher={ACM New York, NY, USA}
}

@inproceedings{hajian2016algorithmic,
  title={Algorithmic bias: From discrimination discovery to fairness-aware data mining},
  author={Hajian, Sara and Bonchi, Francesco and Castillo, Carlos},
  hidebooktitle={Proceedings of the 22nd ACM SIGKDD international conference on knowledge discovery and data mining},
  booktitle=kdd,
  pages={2125--2126},
  year={2016}
}

@inproceedings{wang2017liar,
  title={“Liar, Liar Pants on Fire”: A New Benchmark Dataset for Fake News Detection},
  author={Wang, William Yang},
  hidebooktitle={Proceedings of the 55th Annual Meeting of the Association for Computational Linguistics (Volume 2: Short Papers)},
  booktitle=acl,
  pages={422--426},
  year={2017}
}

@inproceedings{vlachos2014fact,
  title={Fact checking: Task definition and dataset construction},
  author={Vlachos, Andreas and Riedel, Sebastian},
  booktitle={Proceedings of the ACL 2014 Workshop on Language Technologies and Computational Social Science},
  pages={18--22},
  year={2014}
}

@inproceedings{ferreira2016emergent,
  title={Emergent: a novel data-set for stance classification},
  author={Ferreira, William and Vlachos, Andreas},
  hidebooktitle={Proceedings of the 2016 conference of the North American chapter of the association for computational linguistics: Human language technologies},
  booktitle=naacl,
  pages={1163--1168},
  year={2016}
}

@article{thorne2018fever,
  title={{FEVER: A large-scale dataset for fact extraction and verification}},
  author={Thorne, James and Vlachos, Andreas and Christodoulopoulos, Christos and Mittal, Arpit},
  journal={arXiv preprint arXiv:1803.05355},
  year={2018}
}

@article{reis2019supervised,
  title={Supervised learning for fake news detection},
  author={Reis, Julio CS and Correia, Andr{\'e} and Murai, Fabr{\'\i}cio and Veloso, Adriano and Benevenuto, Fabr{\'\i}cio},
  journal={IEEE Intelligent Systems},
  volume={34},
  number={2},
  pages={76--81},
  year={2019},
  publisher={IEEE}
}

@inproceedings{wuevidence,
  title={Evidence-Aware Hierarchical Interactive Attention Networks for Explainable Claim Verification},
  author={Wu, Lianwei and Rao, Yuan and Yang, Xiong and Wang, Wanzhen and Nazir, Ambreen},
  hidejournal={Proceedings of the Twenty-Ninth International Joint Conference on Artificial Intelligence},
  booktitle=ijcai,
  year=2020,
    pages={1388--1394}
}

@article{wu2020discovering,
  title={Discovering differential features: Adversarial learning for information credibility evaluation},
  author={Wu, Lianwei and Rao, Yuan and Nazir, Ambreen and Jin, Haolin},
  journal={Information Sciences},
  volume={516},
  pages={453--473},
  year={2020},
  publisher={Elsevier}
}

@inproceedings{reis2019explainable,
  title={Explainable machine learning for fake news detection},
  author={Reis, Julio CS and Correia, Andr{\'e} and Murai, Fabr{\'\i}cio and Veloso, Adriano and Benevenuto, Fabr{\'\i}cio},
  hidebooktitle={Proceedings of the 10th ACM Conference on Web Science},
  booktitle=websci,
  pages={17--26},
  year={2019}
}

@inproceedings{hansen2019neural,
  title={Neural check-worthiness ranking with weak supervision: Finding sentences for fact-checking},
  author={Hansen, Casper and Hansen, Christian and Alstrup, Stephen and Grue Simonsen, Jakob and Lioma, Christina},
  hidebooktitle={Companion Proceedings of the 2019 World Wide Web Conference},
  booktitle=www,
  pages={994--1000},
  year={2019}
}

@inproceedings{favano2019theearthisflat,
  title={{TheEarthIsFlat's submission to CLEF'19 CheckThat! challenge}},
  author={Favano, Luca and Carman, Mark J and Lanzi, Pier Luca},
  booktitle={CLEF (Working Notes)},
  year={2019}
}

@article{oeldorf2020posted,
  title={Who posted that story? Processing layered sources in Facebook news posts},
  author={Oeldorf-Hirsch, Anne and DeVoss, Christina L},
  journal={Journalism \& Mass Communication Quarterly},
  volume={97},
  number={1},
  pages={141--160},
  year={2020},
  publisher={SAGE Publications Sage CA: Los Angeles, CA}
}

@inproceedings{evans2020news,
  title={News Provenance: Revealing News Text Reuse at Web-Scale in an Augmented News Search Experience},
  author={Evans, Nathan and Edge, Darren and Larson, Jonathan and White, Christopher},
  hidebooktitle={Extended Abstracts of the 2020 CHI Conference on Human Factors in Computing Systems},
  booktitle = chi,
  pages={1--8},
  year={2020}
}

@inproceedings{crowddb,
  title={CrowdDB: answering queries with crowdsourcing},
  author={Franklin, Michael J and Kossmann, Donald and Kraska, Tim and Ramesh, Sukriti and Xin, Reynold},
  booktitle={Proceedings of the 2011 ACM SIGMOD International Conference on Management of data},
  pages={61--72},
  year={2011}
}

@inproceedings{zencrowd,
  title={ZenCrowd: leveraging probabilistic reasoning and crowdsourcing techniques for large-scale entity linking},
  author={Demartini, Gianluca and Difallah, Djellel Eddine and Cudr{\'e}-Mauroux, Philippe},
  booktitle={Proceedings of the 21st international conference on World Wide Web},
  pages={469--478},
  year={2012}
}

@inproceedings{crowdmap,
  title={Crowdmap: Crowdsourcing ontology alignment with microtasks},
  author={Sarasua, Cristina and Simperl, Elena and Noy, Natalya F},
  booktitle={International semantic web conference},
  pages={525--541},
  year={2012},
  organization={Springer}
}

@inproceedings{crowdq,
  title={CrowdQ: Crowdsourced Query Understanding.},
  author={Demartini, Gianluca and Trushkowsky, Beth and Kraska, Tim and Franklin, Michael J and Berkeley, UC},
  booktitle={CIDR},
  year={2013}
}

@article{demartini2017introduction,
  title={An introduction to hybrid human-machine information systems},
  author={Demartini, Gianluca and Difallah, Djellel Eddine and Gadiraju, Ujwal and Catasta, Michele},
  journal={Foundations and Trends in Web Science},
  volume={7},
  number={1},
  pages={1--87},
  year={2017},
  publisher={Now Publishers Inc. Hanover, MA, USA}
}