
@inproceedings{DBLP:conf/nsdi/ZhengDBPGS17,
  author    = {Wenting Zheng and
               Ankur Dave and
               Jethro G. Beekman and
               Raluca Ada Popa and
               Joseph E. Gonzalez and
               Ion Stoica},
  title     = {Opaque: An Oblivious and Encrypted Distributed Analytics Platform},
  booktitle = {{NSDI}},
  pages     = {283--298},
  year      = {2017},
}

@article{DBLP:journals/jpc/LindellP09,
  author    = {Yehuda Lindell and
               Benny Pinkas},
  title     = {Secure Multiparty Computation for Privacy-Preserving Data Mining},
  journal   = {J. Priv. Confidentiality},
  volume    = {1},
  number    = {1},
  year      = {2009},
}

@article{DBLP:journals/ftsec/EvansKR18,
  author    = {David Evans and
               Vladimir Kolesnikov and
               Mike Rosulek},
  title     = {A Pragmatic Introduction to Secure Multi-Party Computation},
  journal   = {Found. Trends Priv. Secur.},
  volume    = {2},
  number    = {2-3},
  pages     = {70--246},
  year      = {2018},
}

@article{DBLP:journals/cacm/Lindell21,
  author    = {Yehuda Lindell},
  title     = {Secure multiparty computation},
  journal   = {Commun. {ACM}},
  volume    = {64},
  number    = {1},
  pages     = {86--96},
  year      = {2021},
}

@article{DBLP:journals/jacm/GoldreichO96,
  author    = {Oded Goldreich and
               Rafail Ostrovsky},
  title     = {Software Protection and Simulation on Oblivious RAMs},
  journal   = {J. {ACM}},
  volume    = {43},
  number    = {3},
  pages     = {431--473},
  year      = {1996},
}

@inproceedings{DBLP:conf/focs/Yao82b,
  author    = {Andrew Chi{-}Chih Yao},
  title     = {Protocols for Secure Computations (Extended Abstract)},
  booktitle = {{FOCS}},
  pages     = {160--164},
  year      = {1982},
}

@inproceedings{DBLP:conf/sp/LiuWNHS15,
  author    = {Chang Liu and
               Xiao Shaun Wang and
               Kartik Nayak and
               Yan Huang and
               Elaine Shi},
  title     = {ObliVM: {A} Programming Framework for Secure Computation},
  booktitle = {{S\&P}},
  pages     = {359--376},
  year      = {2015},
}

@inproceedings{DBLP:conf/esorics/BogdanovLW08,
  author    = {Dan Bogdanov and
               Sven Laur and
               Jan Willemson},
  title     = {Sharemind: {A} Framework for Fast Privacy-Preserving Computations},
  booktitle = {{ESORICS}},
  pages     = {192--206},
  year      = {2008},
}

@article{DBLP:journals/iacr/ZahurE15,
  author    = {Samee Zahur and
               David Evans},
  title     = {{Obliv-C}: {A} Language for Extensible Data-Oblivious Computation},
  journal   = {{IACR} Cryptology ePrint Archive},
  volume    = {2015},
  pages     = {1153},
  year      = {2015}
}

@inproceedings{DBLP:conf/ccs/WangRK17a,
  author    = {Xiao Wang and
               Samuel Ranellucci and
               Jonathan Katz},
  title     = {Global-Scale Secure Multiparty Computation},
  booktitle = {{CCS}},
  pages     = {39--56},
  year      = {2017},
}

@inproceedings{DBLP:conf/sigmod/Baunsgaard0CDGG21,
  author    = {Sebastian Baunsgaard and
               Matthias Boehm and
               Ankit Chaudhary and
               Behrouz Derakhshan and
               Stefan Gei{\ss}els{\"{o}}der and
               Philipp M. Grulich and
               Michael Hildebrand and
               Kevin Innerebner and
               Volker Markl and
               Claus Neubauer and
               Sarah Osterburg and
               Olga Ovcharenko and
               Sergey Redyuk and
               Tobias Rieger and
               Alireza Rezaei Mahdiraji and
               Sebastian Benjamin Wrede and
               Steffen Zeuch},
  title     = {ExDRa: Exploratory Data Science on Federated Raw Data},
  booktitle = {{SIGMOD}},
  pages     = {2450--2463},
  year      = {2021},
}

@inproceedings{DBLP:conf/sigmod/0012FWY20,
  author    = {Yang Cao and
               Wenfei Fan and
               Yanghao Wang and
               Ke Yi},
  title     = {Querying Shared Data with Security Heterogeneity},
  booktitle = {{SIGMOD}},
  pages     = {575--585},
  year      = {2020},
}

@article{DBLP:journals/pvldb/FerraginaV20,
  author    = {Paolo Ferragina and
               Giorgio Vinciguerra},
  title     = {The {PGM}-index: a fully-dynamic compressed learned index with provable
               worst-case bounds},
  journal   = {{PVLDB}},
  volume    = {13},
  number    = {8},
  pages     = {1162--1175},
  year      = {2020}
}

@inproceedings{DBLP:conf/sigmod/DingMYWDLZCGKLK20,
  author    = {Jialin Ding and
               Umar Farooq Minhas and
               Jia Yu and
               Chi Wang and
               Jaeyoung Do and
               Yinan Li and
               Hantian Zhang and
               Badrish Chandramouli and
               Johannes Gehrke and
               Donald Kossmann and
               David B. Lomet and
               Tim Kraska},
  title     = {{ALEX:} An Updatable Adaptive Learned Index},
  booktitle = {{SIGMOD}},
  pages     = {969--984},
  year      = {2020}
}

@article{DBLP:journals/pvldb/WuZCCWX21,
  author    = {Jiacheng Wu and
               Yong Zhang and
               Shimin Chen and
               Yu Chen and
               Jin Wang and
               Chunxiao Xing},
  title     = {Updatable Learned Index with Precise Positions},
  journal   = {{PVLDB}},
  volume    = {14},
  number    = {8},
  pages     = {1276--1288},
  year      = {2021}
}

@article{DBLP:journals/pvldb/MarcusKRSMK0K20,
  author    = {Ryan Marcus and
               Andreas Kipf and
               Alexander van Renen and
               Mihail Stoian and
               Sanchit Misra and
               Alfons Kemper and
               Thomas Neumann and
               Tim Kraska},
  title     = {Benchmarking Learned Indexes},
  journal   = {{PVLDB}},
  volume    = {14},
  number    = {1},
  pages     = {1--13},
  year      = {2020}
}

@inproceedings{DBLP:conf/mdm/WangFX019,
  author    = {Haixin Wang and
               Xiaoyi Fu and
               Jianliang Xu and
               Hua Lu},
  title     = {Learned Index for Spatial Queries},
  booktitle = {{MDM}},
  pages     = {569--574},
  year      = {2019}
}

@inproceedings{DBLP:conf/sigmod/IdreosK19,
  author    = {Stratos Idreos and
               Tim Kraska},
  title     = {From Auto-tuning One Size Fits All to Self-designed and Learned Data-intensive
               Systems},
  booktitle = {{SIGMOD}},
  pages     = {2054--2059},
  year      = {2019},
}

@inproceedings{DBLP:conf/vldb/0001KH20,
  author    = {Ali Hadian and
               Ankit Kumar and
               Thomas Heinis},
  title     = {Hands-off Model Integration in Spatial Index Structures},
  booktitle = {AIDB@VLDB},
  year      = {2020}
}

@article{DBLP:journals/pvldb/QiLJK20,
  author    = {Jianzhong Qi and
               Guanli Liu and
               Christian S. Jensen and
               Lars Kulik},
  title     = {Effectively Learning Spatial Indices},
  journal   = {{PVLDB}},
  volume    = {13},
  number    = {11},
  pages     = {2341--2354},
  year      = {2020}
}

@inproceedings{DBLP:conf/sigmod/Li0ZY020,
  author    = {Pengfei Li and
               Hua Lu and
               Qian Zheng and
               Long Yang and
               Gang Pan},
  title     = {{LISA:} {A} Learned Index Structure for Spatial Data},
  booktitle = {{SIGMOD}},
  pages     = {2119--2133},
  year      = {2020}
}

@inproceedings{DBLP:conf/sigmod/KraskaBCDP18,
  author    = {Tim Kraska and
               Alex Beutel and
               Ed H. Chi and
               Jeffrey Dean and
               Neoklis Polyzotis},
  title     = {The Case for Learned Index Structures},
  booktitle = {{SIGMOD}},
  pages     = {489--504},
  year      = {2018}
}

@article{ref_shi2021efficient,
  author    = {Yexuan Shi and
               Yongxin Tong and
               Yuxiang Zeng and
               Zimu Zhou and
               Bolin Ding and
               Lei Chen},
  title     = {Efficient Approximate Range Aggregation Over Large-Scale Spatial Data
               Federation},
  journal   = {{IEEE} Trans. Knowl. Data Eng.},
  volume    = {35},
  number    = {1},
  pages     = {418--430},
  year      = {2023},
}

@article{ref_bater2017smcql,
  author    = {Johes Bater and
               Gregory Elliott and
               Craig Eggen and
               Satyender Goel and
               Abel N. Kho and
               Jennie Rogers},
  title     = {{SMCQL:} Secure Query Processing for Private Data Networks},
  journal   = {{PVLDB}},
  volume    = {10},
  number    = {6},
  pages     = {673--684},
  year      = {2017},
}

@article{ref_bater2020saqe,
  author    = {Johes Bater and
               Yongjoo Park and
               Xi He and
               Xiao Wang and
               Jennie Rogers},
  title     = {{SAQE:} Practical Privacy-Preserving Approximate Query Processing
               for Data Federations},
  journal   = {{PVLDB}},
  volume    = {13},
  number    = {11},
  pages     = {2691--2705},
  year      = {2020},
}

@article{ref_bater2018shrinkwrap,
  author    = {Johes Bater and
               Xi He and
               William Ehrich and
               Ashwin Machanavajjhala and
               Jennie Rogers},
  title     = {ShrinkWrap: Efficient {SQL} Query Processing in Differentially Private Data Federations},
  journal   = {{PVLDB}},
  volume    = {12},
  number    = {3},
  pages     = {307--320},
  year      = {2018},
}

@inproceedings{ref_volgushev2019conclave,
  author    = {Nikolaj Volgushev and
               Malte Schwarzkopf and
               Ben Getchell and
               Mayank Varia and
               Andrei Lapets and
               Azer Bestavros},
  title     = {Conclave: secure multi-party computation on big data},
  booktitle = {{EuroSys}},
  pages     = {3:1--3:18},
  year      = {2019},
}

@inproceedings{ref_liu2015oblivm,
  author    = {Chang Liu and
               Xiao Shaun Wang and
               Kartik Nayak and
               Yan Huang and
               Elaine Shi},
  title     = {{ObliVM}: {A} Programming Framework for Secure Computation},
  booktitle = {{S} \& {P}},
  pages     = {359--376},
  year      = {2015},
}

inproceedings{ref_wang2021secure,
  title={Secure {Yannakakis}: Join-Aggregate Queries over Private Data},
  author={Wang, Yilei and Yi, Ke},
  booktitle={{SIGMOD}},
  pages={1969--1981},
  year={2021},
}

@inproceedings{ref_bogdanov2008sharemind,
  author    = {Dan Bogdanov and
               Sven Laur and
               Jan Willemson},
  title     = {Sharemind: {A} Framework for Fast Privacy-Preserving Computations},
  booktitle = {{ESORICS}},
  pages     = {192--206},
  year      = {2008},
}

inproceedings{ref_roy2020crypt,
  author    = {Amrita Roy Chowdhury and
               Chenghong Wang and
               Xi He and
               Ashwin Machanavajjhala and
               Somesh Jha},
  title     = {Crypt$\epsilon$: Crypto-Assisted Differential Privacy on Untrusted Servers},
  booktitle = {{SIGMOD}},
  pages     = {603--619},
  year      = {2020},
}

@book{ref_li2016differential,
  author    = {Ninghui Li and
               Min Lyu and
               Dong Su and
               Weining Yang},
  title     = {Differential Privacy: From Theory to Practice},
  series    = {Synthesis Lectures on Information Security, Privacy, {\&} Trust},
  year      = {2016},
  publisher = {Morgan {\&} Claypool Publishers},
}

inproceedings{ref_hastings2019sok,
  author    = {Marcella Hastings and Brett Hemenway and Daniel Noble and Steve Zdancewic},
  title     = {SoK: General Purpose Compilers for Secure Multi-Party Computation},
  booktitle = {{S} {\&} {P}},
  pages     = {1220--1237},
  year      = {2019},
}

@article{ref_li2022secure,
  title={Data Federation System for Multi-party Security},
  author={Li, Shuyuan and Ji, Yudian and Shi, Dingyuan and Liao, Wangdong and Zhang, Lipeng and Tong, Yongxin and Xu, Ke},
  journal={{J. Softw.}},
 volume = {33},
 number = {3},
 pages     = {1111--1127},
  year = {2022},
}

@inproceedings{ref_keller2020mp,
  author    = {Marcel Keller},
  title     = {{MP-SPDZ:} {A} Versatile Framework for Multi-Party Computation},
  booktitle = {{CCS}},
  pages     = {1575--1590},
  year      = {2020},
}

@inproceedings{DBLP:conf/uss/PoddarKYDPH21,
  author    = {Rishabh Poddar and
               Sukrit Kalra and
               Avishay Yanai and
               Ryan Deng and
               Raluca Ada Popa and
               Joseph M. Hellerstein},
  title     = {Senate: {A} Maliciously-Secure {MPC} Platform for Collaborative Analytics},
  booktitle = {{USENIX} Security},
  pages     = {2129--2146},
  year      = {2021},
}

@inproceedings{DBLP:conf/sigmod/BegoliCHML18,
  author    = {Edmon Begoli and
               Jes{\'{u}}s Camacho{-}Rodr{\'{\i}}guez and
               Julian Hyde and
               Michael J. Mior and
               Daniel Lemire},
  title     = {Apache {C}alcite: {A} Foundational Framework for Optimized Query Processing Over Heterogeneous Data Sources},
  booktitle = {{SIGMOD}},
  pages     = {221--230},
  year      = {2018},
}

@article{ref_tong2022hu,
  author    = {Yongxin Tong and
               Xuchen Pan and
               Yuxiang Zeng and
               Yexuan Shi and
               Chunbo Xue and
               Zimu Zhou and
               Xiaofei Zhang and
               Lei Chen and
               Yi Xu and
               Ke Xu and
               Weifeng Lv},
  title     = {{Hu-Fu}: Efficient and Secure Spatial Queries over Data Federation},
  journal   = {{PVLDB}},
  volume    = {15},
  number    = {6},
  pages     = {1159--1172},
  year      = {2022},
}

@article{DBLP:journals/pvldb/PanTXZDZSZCXXL22,
  author    = {Xuchen Pan and
               Yongxin Tong and
               Chunbo Xue and
               Zimu Zhou and
               Junping Du and
               Yuxiang Zeng and
               Yexuan Shi and
               Xiaofei Zhang and
               Lei Chen and
               Yi Xu and
               Ke Xu and
               Weifeng Lv},
  title     = {{Hu-Fu}: {A} Data Federation System for Secure Spatial Queries},
  journal   = {{PVLDB}},
  volume    = {15},
  number    = {12},
  pages     = {3582--3585},
  year      = {2022},
}

@misc{annlib,
	howpublished = {\url{http://www.cs.umd.edu/~mount/ANN/}},
	note = {Last accessed 30 Jan 2023},
	title = {ANN Library},
	author = {David M. Mount and Sunil Arya},
}

@misc{amap,
	howpublished = {\url{https://lbs.amap.com/}},
	note = {Last accessed 28 Feb 2023},
	title = {Amap},
}

@misc{FATE,
	howpublished = {\url{https://github.com/FederatedAI/FATE}},
	note = {Last accessed 28 Feb 2023},
	title = {{FATE}},
}

@misc{PySyft,
	howpublished = {\url{https://github.com/OpenMined/PySyft}},
	note = {Last accessed 28 Feb 2023},
	title = {{PySyft}},
}

@misc{FederatedScope,
	howpublished = {\url{https://github.com/alibaba/FederatedScope}},
	note = {Last accessed 28 Feb 2023},
	title = {{FederatedScope}},
}

@article{DBLP:journals/ftsec/EvansKR18,
  author    = {David Evans and
               Vladimir Kolesnikov and
               Mike Rosulek},
  title     = {A Pragmatic Introduction to Secure Multi-Party Computation},
  journal   = {Found. Trends Priv. Secur.},
  volume    = {2},
  number    = {2-3},
  pages     = {70--246},
  year      = {2018},
}

@article{DBLP:journals/tist/YangLCT19,
  author    = {Qiang Yang and
               Yang Liu and
               Tianjian Chen and
               Yongxin Tong},
  title     = {Federated Machine Learning: Concept and Applications},
  journal   = {{ACM} Trans. Intell. Syst. Technol.},
  volume    = {10},
  number    = {2},
  pages     = {12:1--12:19},
  year      = {2019},
}

@article{DBLP:journals/tkde/KantarciogluC04,
  author    = {Murat Kantarcioglu and
               Chris Clifton},
  title     = {Privacy-Preserving Distributed Mining of Association Rules on Horizontally Partitioned Data},
  journal   = {{IEEE} Trans. Knowl. Data Eng.},
  volume    = {16},
  number    = {9},
  pages     = {1026--1037},
  year      = {2004},
}

@inproceedings{DBLP:conf/kdd/VaidyaC02,
  author    = {Jaideep Vaidya and
               Chris Clifton},
  title     = {Privacy preserving association rule mining in vertically partitioned
               data},
  booktitle = {{SIGKDD}},
  pages     = {639--644},
  year      = {2002},
}

@inproceedings{DBLP:conf/kdd/JagannathanW05,
  author    = {Geetha Jagannathan and
               Rebecca N. Wright},
  title     = {Privacy-preserving distributed k-means clustering over arbitrarily
               partitioned data},
  booktitle = {{SIGKDD}},
  pages     = {593--599},
  year      = {2005},
}

@article{science2016A,
  title={A federated ecosystem for sharing genomic, clinical data},
  author={The Global Alliance for Genomics and Health},
  journal   = {Science},
  volume    = {352},
  number    = {6291},
  pages     = {1278--1280},
  year      = {2016},
}

@inproceedings{DBLP:conf/aistats/McMahanMRHA17,
  author    = {Brendan McMahan and
               Eider Moore and
               Daniel Ramage and
               Seth Hampson and
               Blaise Ag{\"{u}}era y Arcas},
  title     = {Communication-Efficient Learning of Deep Networks from Decentralized
               Data},
  booktitle = {{AISTATS}},
  pages     = {1273--1282},
  year      = {2017},
}

@inproceedings{DBLP:conf/mlsys/LiSZSTS20,
  author    = {Tian Li and
               Anit Kumar Sahu and
               Manzil Zaheer and
               Maziar Sanjabi and
               Ameet Talwalkar and
               Virginia Smith},
  title     = {Federated Optimization in Heterogeneous Networks},
  booktitle = {{MLSys}},
  pages = {429--450},
  volume = {2},
  year      = {2020},
}

@article{DBLP:journals/expert/ChenQWYG20,
  author    = {Yiqiang Chen and
               Xin Qin and
               Jindong Wang and
               Chaohui Yu and
               Wen Gao},
  title     = {{FedHealth}: {A} Federated Transfer Learning Framework for Wearable
               Healthcare},
  journal   = {{IEEE} Intell. Syst.},
  volume    = {35},
  number    = {4},
  pages     = {83--93},
  year      = {2020},
}

@article{DBLP:journals/tifs/WeiLDMYFJQP20,
  author    = {Kang Wei and
               Jun Li and
               Ming Ding and
               Chuan Ma and
               Howard H. Yang and
               Farhad Farokhi and
               Shi Jin and
               Tony Q. S. Quek and
               H. Vincent Poor},
  title     = {Federated Learning With Differential Privacy: Algorithms and Performance
               Analysis},
  journal   = {{IEEE} Trans. Inf. Forensics Secur.},
  volume    = {15},
  pages     = {3454--3469},
  year      = {2020},
}

@inproceedings{DBLP:conf/sigmod/ChaudhuriDK17,
  author    = {Surajit Chaudhuri and
               Bolin Ding and
               Srikanth Kandula},
  title     = {Approximate Query Processing: No Silver Bullet},
  booktitle = {{SIGMOD}},
  pages     = {511--519},
  year      = {2017},
}

@inproceedings{ref_wang2021secure,
  title={Secure {Y}annakakis: Join-Aggregate Queries over Private Data},
  author={Wang, Yilei and Yi, Ke},
  booktitle={{SIGMOD}},
  pages={1969--1981},
  year={2021},
}

@inproceedings{DBLP:conf/iclr/AcarZNMWS21,
  author    = {Durmus Alp Emre Acar and
               Yue Zhao and
               Ramon Matas Navarro and
               Matthew Mattina and
               Paul N. Whatmough and
               Venkatesh Saligrama},
  title     = {Federated Learning Based on Dynamic Regularization},
  booktitle = {{ICLR}},
  year      = {2021},
}

@inproceedings{DBLP:conf/icml/KarimireddyKMRS20,
  author    = {Sai Praneeth Karimireddy and
               Satyen Kale and
               Mehryar Mohri and
               Sashank J. Reddi and
               Sebastian U. Stich and
               Ananda Theertha Suresh},
  title     = {{SCAFFOLD:} Stochastic Controlled Averaging for Federated Learning},
  booktitle = {{ICML}},
  volume    = {119},
  pages     = {5132--5143},
  year      = {2020},
}

@inproceedings{DBLP:conf/nips/Tran-DinhPPN21,
  author    = {Quoc Tran{-}Dinh and
               Nhan H. Pham and
               Dzung T. Phan and
               Lam M. Nguyen},
  title     = {{FedDR} - Randomized {Douglas-Rachford} Splitting Algorithms for Nonconvex
               Federated Composite Optimization},
  booktitle = {NeurIPS},
  pages     = {30326--30338},
  year      = {2021},
}

@inproceedings{DBLP:conf/icde/GongLF22,
  author    = {Yonghai Gong and
               Yichuan Li and
               Nikolaos M. Freris},
  title     = {{FedADMM}: {A} Robust Federated Deep Learning Framework with Adaptivity
               to System Heterogeneity},
  booktitle = {{ICDE}},
  pages     = {2575--2587},
  year      = {2022},
}

@article{DBLP:journals/corr/abs-1811-11479,
  author    = {Eunjeong Jeong and
               Seungeun Oh and
               Hyesung Kim and
               Jihong Park and
               Mehdi Bennis and
               Seong{-}Lyun Kim},
  title     = {Communication-Efficient On-Device Machine Learning: Federated Distillation
               and Augmentation under Non-IID Private Data},
  journal   = {CoRR},
  volume    = {abs/1811.11479},
  year      = {2018},
}

@inproceedings{DBLP:conf/cvpr/HaoELZLCC21,
  author    = {Weituo Hao and
               Mostafa El{-}Khamy and
               Jungwon Lee and
               Jianyi Zhang and
               Kevin J. Liang and
               Changyou Chen and
               Lawrence Carin},
  title     = {Towards Fair Federated Learning With Zero-Shot Data Augmentation},
  booktitle = {{CVPR} Workshops},
  pages     = {3310--3319},
  year      = {2021},
}

@inproceedings{DBLP:conf/osdi/LaiZMC21,
  author    = {Fan Lai and
               Xiangfeng Zhu and
               Harsha V. Madhyastha and
               Mosharaf Chowdhury},
  title     = {Oort: Efficient Federated Learning via Guided Participant Selection},
  booktitle = {{OSDI}},
  pages     = {19--35},
  year      = {2021},
}

@inproceedings{DBLP:conf/dasfaa/ZhangWZRTX22,
  author    = {Ruisheng Zhang and
               Yansheng Wang and
               Zimu Zhou and
               Ziyao Ren and
               Yongxin Tong and
               Ke Xu},
  title     = {Data Source Selection in Federated Learning: {A} Submodular Optimization
               Approach},
  booktitle = {{DASFAA}},
  volume    = {13246},
  pages     = {606--614},
  year      = {2022},
}

@inproceedings{DBLP:conf/icics/DongCSW19,
  author    = {Ye Dong and
               Xiaojun Chen and
               Liyan Shen and
               Dakui Wang},
  title     = {Privacy-Preserving Distributed Machine Learning Based on Secret Sharing},
  booktitle = {{ICICS}},
  volume    = {11999},
  pages     = {684--702},
  year      = {2019},
}

@inproceedings{DBLP:conf/ccs/BonawitzIKMMPRS17,
  author    = {Kallista A. Bonawitz and
               Vladimir Ivanov and
               Ben Kreuter and
               Antonio Marcedone and
               H. Brendan McMahan and
               Sarvar Patel and
               Daniel Ramage and
               Aaron Segal and
               Karn Seth},
  title     = {Practical Secure Aggregation for Privacy-Preserving Machine Learning},
  booktitle = {{CCS}},
  pages     = {1175--1191},
  year      = {2017},
}

@article{DBLP:journals/tifs/XuLL0L20,
  author    = {Guowen Xu and
               Hongwei Li and
               Sen Liu and
               Kan Yang and
               Xiaodong Lin},
  title     = {{VerifyNet}: Secure and Verifiable Federated Learning},
  journal   = {{IEEE} Trans. Inf. Forensics Secur.},
  volume    = {15},
  pages     = {911--926},
  year      = {2020},
}

@inproceedings{DBLP:conf/bigdataconf/SharmaXLK19,
  author    = {Shreya Sharma and
               Chaoping Xing and
               Yang Liu and
               Yan Kang},
  title     = {Secure and Efficient Federated Transfer Learning},
  booktitle = {{IEEE} BigData},
  pages     = {2569--2576},
  year      = {2019},
}

@article{DBLP:journals/pvldb/WuCXCO20,
  author    = {Yuncheng Wu and
               Shaofeng Cai and
               Xiaokui Xiao and
               Gang Chen and
               Beng Chin Ooi},
  title     = {Privacy Preserving Vertical Federated Learning for Tree-based Models},
  journal   = {{PVLDB}},
  volume    = {13},
  number    = {11},
  pages     = {2090--2103},
  year      = {2020},
}

@article{DBLP:journals/tifs/PhongAHWM18,
  author    = {Le Trieu Phong and
               Yoshinori Aono and
               Takuya Hayashi and
               Lihua Wang and
               Shiho Moriai},
  title     = {Privacy-Preserving Deep Learning via Additively Homomorphic Encryption},
  journal   = {{IEEE} Trans. Inf. Forensics Secur.},
  volume    = {13},
  number    = {5},
  pages     = {1333--1345},
  year      = {2018},
}

@inproceedings{DBLP:conf/globecom/ZhangCYD19,
  author    = {Jiale Zhang and
               Bing Chen and
               Shui Yu and
               Hai Deng},
  title     = {{PEFL:} {A} Privacy-Enhanced Federated Learning Scheme for Big Data
               Analytics},
  booktitle = {{GLOBECOM}},
  pages     = {1--6},
  year      = {2019},
}

@article{DBLP:journals/pvldb/BaoZXYOTA22,
  author    = {Ergute Bao and
               Yizheng Zhu and
               Xiaokui Xiao and
               Yin Yang and
               Beng Chin Ooi and
               Benjamin Hong Meng Tan and
               Khin Mi Mi Aung},
  title     = {Skellam Mixture Mechanism: a Novel Approach to Federated Learning
               with Differential Privacy},
  journal   = {{PVLDB}},
  volume    = {15},
  number    = {11},
  pages     = {2348--2360},
  year      = {2022},
}

@inproceedings{DBLP:conf/dasfaa/LiuCYC20,
  author    = {Ruixuan Liu and
               Yang Cao and
               Masatoshi Yoshikawa and
               Hong Chen},
  title     = {{FedSel}: Federated {SGD} Under Local Differential Privacy with Top-k
               Dimension Selection},
  booktitle = {{DASFAA}},
  volume    = {12112},
  pages     = {485--501},
  year      = {2020},
}

@inproceedings{DBLP:conf/isit/SeifTL20,
  author    = {Mohamed Seif and
               Ravi Tandon and
               Ming Li},
  title     = {Wireless Federated Learning with Local Differential Privacy},
  booktitle = {{ISIT}},
  pages     = {2604--2609},
  year      = {2020},
}

@article{DBLP:journals/corr/abs-1712-07557,
  author    = {Robin C. Geyer and
               Tassilo Klein and
               Moin Nabi},
  title     = {Differentially Private Federated Learning: {A} Client Level Perspective},
  journal   = {CoRR},
  volume    = {abs/1712.07557},
  year      = {2017},
}

@inproceedings{DBLP:conf/sosp/BittauEMMRLRKTS17,
  author    = {Andrea Bittau and
               {\'{U}}lfar Erlingsson and
               Petros Maniatis and
               Ilya Mironov and
               Ananth Raghunathan and
               David Lie and
               Mitch Rudominer and
               Ushasree Kode and
               Julien Tinn{\'{e}}s and
               Bernhard Seefeld},
  title     = {Prochlo: Strong Privacy for Analytics in the Crowd},
  booktitle = {{SOSP}},
  pages     = {441--459},
  year      = {2017},
}

@inproceedings{DBLP:conf/eurocrypt/CheuSUZZ19,
  author    = {Albert Cheu and
               Adam D. Smith and
               Jonathan R. Ullman and
               David Zeber and
               Maxim Zhilyaev},
  title     = {Distributed Differential Privacy via Shuffling},
  booktitle = {{EUROCRYPT}},
  volume    = {11476},
  pages     = {375--403},
  year      = {2019},
}

@inproceedings{DBLP:conf/iclr/DosovitskiyB0WZ21,
  author    = {Alexey Dosovitskiy and
               Lucas Beyer and
               Alexander Kolesnikov and
               Dirk Weissenborn and
               Xiaohua Zhai and
               Thomas Unterthiner and
               Mostafa Dehghani and
               Matthias Minderer and
               Georg Heigold and
               Sylvain Gelly and
               Jakob Uszkoreit and
               Neil Houlsby},
  title     = {An Image is Worth 16x16 Words: Transformers for Image Recognition
               at Scale},
  booktitle = {{ICLR}},
  year      = {2021},
}

@inproceedings{DBLP:conf/cvpr/HeZRS16,
  author    = {Kaiming He and
               Xiangyu Zhang and
               Shaoqing Ren and
               Jian Sun},
  title     = {Deep Residual Learning for Image Recognition},
  booktitle = {{CVPR}},
  pages     = {770--778},
  year      = {2016},
}

@inproceedings{DBLP:conf/nips/HamiltonYL17,
  author    = {William L. Hamilton and
               Zhitao Ying and
               Jure Leskovec},
  title     = {Inductive Representation Learning on Large Graphs},
  booktitle = {{NeurIPS}},
  pages     = {1024--1034},
  year      = {2017},
}

@article{xie2022federatedscope,
	title={{Federatedscope}: A flexible federated learning platform for heterogeneity},
	author={Xie, Yuexiang and Wang, Zhen and Chen, Daoyuan and Gao, Dawei and Yao, Liuyi and Kuang, Weirui and Li, Yaliang and Ding, Bolin and Zhou, Jingren},
	volume = {16},
	number = {5},
	journal = {{PVLDB}},
	pages = {1059–1072},
	year={2022}
}

@inproceedings{DBLP:conf/sigmod/FuSYJXT021,
  author    = {Fangcheng Fu and
               Yingxia Shao and
               Lele Yu and
               Jiawei Jiang and
               Huanran Xue and
               Yangyu Tao and
               Bin Cui},
  title     = {{VF}\({}^{\mbox{2}}\){Boost}: Very Fast Vertical Federated Gradient Boosting
               for Cross-Enterprise Learning},
  booktitle = {{SIGMOD}},
  pages     = {563--576},
  year      = {2021},
}

@article{DBLP:journals/expert/LiuKXCY20,
  author    = {Yang Liu and
               Yan Kang and
               Chaoping Xing and
               Tianjian Chen and
               Qiang Yang},
  title     = {A Secure Federated Transfer Learning Framework},
  journal   = {{IEEE} Intell. Syst.},
  volume    = {35},
  number    = {4},
  pages     = {70--82},
  year      = {2020},
}

@inproceedings{DBLP:conf/usenix/ZhangLX00020,
  author    = {Chengliang Zhang and
               Suyi Li and
               Junzhe Xia and
               Wei Wang and
               Feng Yan and
               Yang Liu},
  title     = {{BatchCrypt}: Efficient Homomorphic Encryption for Cross-Silo Federated
               Learning},
  booktitle = {{USENIX} {ATC}},
  pages     = {493--506},
  year      = {2020},
}


@article{DBLP:journals/pvldb/YuanMWZW21,
  author    = {Ye Yuan and
               Delong Ma and
               Zhenyu Wen and
               Zhiwei Zhang and
               Guoren Wang},
  title     = {Subgraph Matching over Graph Federation},
  journal   = {{PVLDB}},
  volume    = {15},
  number    = {3},
  pages     = {437--450},
  year      = {2021},
}

@article{DBLP:journals/tkde/LiuTHZLX22,
  author    = {Hao Liu and
               Yongxin Tong and
               Jindong Han and
               Panpan Zhang and
               Xinjiang Lu and
               Hui Xiong},
  title     = {Incorporating Multi-Source Urban Data for Personalized and Context-Aware
               Multi-Modal Transportation Recommendation},
  journal   = {{IEEE} Trans. Knowl. Data Eng.},
  volume    = {34},
  number    = {2},
  pages     = {723--735},
  year      = {2022},
}

@inproceedings{DBLP:conf/kdd/WangTZRXWL22,
  author    = {Yansheng Wang and
               Yongxin Tong and
               Zimu Zhou and
               Ziyao Ren and
               Yi Xu and
               Guobin Wu and
               Weifeng Lv},
  title     = {{Fed-LTD}: Towards Cross-Platform Ride Hailing via Federated Learning
               to Dispatch},
  booktitle = {{SIGKDD}},
  pages     = {4079--4089},
  year      = {2022},
}

@article{DBLP:journals/csur/YinZH21,
  author    = {Xuefei Yin and
               Yanming Zhu and
               Jiankun Hu},
  title     = {A Comprehensive Survey of Privacy-preserving Federated Learning: {A}
               Taxonomy, Review, and Future Directions},
  journal   = {{ACM} Comput. Surv.},
  volume    = {54},
  number    = {6},
  pages     = {131:1--131:36},
  year      = {2022},
}

@article{DBLP:journals/csur/ShethL90,
  author    = {Amit P. Sheth and
               James A. Larson},
  title     = {Federated Database Systems for Managing Distributed, Heterogeneous,
               and Autonomous Databases},
  journal   = {{ACM} Comput. Surv.},
  volume    = {22},
  number    = {3},
  pages     = {183--236},
  year      = {1990},
}

@inproceedings{DBLP:conf/sigmod/AgrawalS00,
  author    = {Rakesh Agrawal and
               Ramakrishnan Srikant},
  title     = {Privacy-Preserving Data Mining},
  booktitle = {SIGMOD},
  pages     = {439--450},
  year      = {2000},
}

@inproceedings{DBLP:conf/crypto/LindellP00,
  author    = {Yehuda Lindell and
               Benny Pinkas},
  title     = {Privacy Preserving Data Mining},
  booktitle = {{CRYPTO}},
  volume    = {1880},
  pages     = {36--54},
  year      = {2000},
}

@inproceedings{DBLP:conf/sigmod/BharadwajC22,
  author    = {Akash Bharadwaj and
               Graham Cormode},
  title     = {An Introduction to Federated Computation},
  booktitle = {{SIGMOD}},
  pages     = {2448--2451},
  year      = {2022},
}

@article{DBLP:journals/corr/KonecnyMYRSB16,
  author    = {Jakub Kone{\v{c}}n{\'y} and
               H. Brendan McMahan and
               Felix X. Yu and
               Peter Richt{\'{a}}rik and
               Ananda Theertha Suresh and
               Dave Bacon},
  title     = {Federated Learning: Strategies for Improving Communication Efficiency},
  journal   = {CoRR},
  volume    = {abs/1610.05492},
  year      = {2016},
}

@article{DBLP:journals/pvldb/Olteanu20,
  author    = {Dan Olteanu},
  title     = {The Relational Data Borg is Learning},
  journal   = {{PVLDB}},
  volume    = {13},
  number    = {12},
  pages     = {3502--3515},
  year      = {2020},
}

@inproceedings{DBLP:conf/cikm/Liu0M0022,
  author    = {Jiaxin Liu and
               Liwei Deng and
               Hao Miao and
               Yan Zhao and
               Kai Zheng},
  title     = {Task Assignment with Federated Preference Learning in Spatial Crowdsourcing},
  booktitle = {{CIKM}},
  pages     = {1279--1288},
  year      = {2022},
}

@article{DBLP:journals/csur/LuH19,
  author    = {Jiaheng Lu and
               Irena Holubov{\'{a}}},
  title     = {Multi-model Databases: {A} New Journey to Handle the Variety of Data},
  journal   = {{ACM} Comput. Surv.},
  volume    = {52},
  number    = {3},
  pages     = {55:1--55:38},
  year      = {2019},
}

@inproceedings{DBLP:conf/cikm/LuHC18,
  author    = {Jiaheng Lu and
               Irena Holubov{\'{a}} and
               Bogdan Cautis},
  title     = {Multi-model Databases and Tightly Integrated Polystores: Current Practices,
               Comparisons, and Open Challenges},
  booktitle = {{CIKM}},
  pages     = {2301--2302},
  year      = {2018},
}

@inproceedings{DBLP:conf/ssd/Xu0G19,
  author    = {Jianqiu Xu and
               Hua Lu and
               Ralf Hartmut G{\"{u}}ting},
  title     = {Understanding human mobility: {A} multi-modal and intelligent moving
               objects database},
  booktitle = {{SSTD}},
  pages     = {222--225},
  year      = {2019},
}

@article{DBLP:journals/ftml/KairouzMABBBBCC21,
  author    = {Peter Kairouz and
               H. Brendan McMahan and
               Brendan Avent and
               Aur{\'{e}}lien Bellet and
               Mehdi Bennis and
               Arjun Nitin Bhagoji and
               Kallista A. Bonawitz and
               Zachary Charles and
               Graham Cormode and
               Rachel Cummings and
               Rafael G. L. D'Oliveira and
               Hubert Eichner and
               Salim El Rouayheb and
               David Evans and
               Josh Gardner and
               Zachary Garrett and
               Adri{\`{a}} Gasc{\'{o}}n and
               Badih Ghazi and
               Phillip B. Gibbons and
               Marco Gruteser and
               Za{\"{\i}}d Harchaoui and
               Chaoyang He and
               Lie He and
               Zhouyuan Huo and
               Ben Hutchinson and
               Justin Hsu and
               Martin Jaggi and
               Tara Javidi and
               Gauri Joshi and
               Mikhail Khodak and
               Jakub Kone{\v{c}}n{\'y} and
               Aleksandra Korolova and
               Farinaz Koushanfar and
               Sanmi Koyejo and
               Tancr{\`{e}}de Lepoint and
               Yang Liu and
               Prateek Mittal and
               Mehryar Mohri and
               Richard Nock and
               Ayfer {\"{O}}zg{\"{u}}r and
               Rasmus Pagh and
               Hang Qi and
               Daniel Ramage and
               Ramesh Raskar and
               Mariana Raykova and
               Dawn Song and
               Weikang Song and
               Sebastian U. Stich and
               Ziteng Sun and
               Ananda Theertha Suresh and
               Florian Tram{\`{e}}r and
               Praneeth Vepakomma and
               Jianyu Wang and
               Li Xiong and
               Zheng Xu and
               Qiang Yang and
               Felix X. Yu and
               Han Yu and
               Sen Zhao},
  title     = {Advances and Open Problems in Federated Learning},
  journal   = {Found. Trends Mach. Learn.},
  volume    = {14},
  number    = {1-2},
  pages     = {1--210},
  year      = {2021},
}

@inproceedings{zhang23dasfaa,
  author    = {Kaining Zhang and
               Yongxin Tong and
               Yexuan Shi and
               Yuxiang Zeng and
               Yi Xu and
               Ke Xu and
               Weifeng Lv and
               Zhiming Zheng},
  title     = {Approximate k-Nearest Neighbor Query over Spatial Data Federation},
  booktitle = {DASFAA},
  pages     = {351–368},
  year      = {2023},
}

@article{DBLP:journals/fcsc/ZhengWWFSLZ21,
  author       = {Wei Zheng and
                  Ying Wu and
                  Xiaoxue Wu and
                  Chen Feng and
                  Yulei Sui and
                  Xiapu Luo and
                  Yajin Zhou},
  title        = {A survey of Intel {SGX} and its applications},
  journal      = {Frontiers Comput. Sci.},
  volume       = {15},
  number       = {3},
  pages        = {153808},
  year         = {2021},
}