@String{asonam  = {Advances in Social Networks Analysis and Mining}}
@String{cikm    = {Conference on Information and Knowledge Management (CIKM)}}
@String{focs    = {Foundations of Computer Science (FOCS)}}
@String{iclr    = {International Conference on Learning Representations (ICLR)}}
@String{icml    = {International Conference on Machine Learning (ICML)}}
@String{kdd     = {Conference on Knowledge Discovery and Data Mining (KDD)}}
@String{neurips = {Neural Information Processing Systems (NeurIPS)}}
@String{sdm     = {SIAM Conference on Data Mining (SDM)}}
@String{wsdm    = {Conference on Web Science and Data Mining (WSDM)}}
@String{www     = {Conference on the World Wide Web (WWW)}}


@Misc{Sw14,
  author       = {K. Swanapoel},
  title        = {The Rank Lemma},
  howpublished = {\url{https://konradswanepoel.wordpress.com/2014/03/04/the-rank-lemma/}},
  year         = {2014},
}

@article{SeSh20,
	title = {The impossibility of low-rank representations for triangle-rich complex networks},
	volume = {117},
	doi = {10.1073/pnas.1911030117},
	pages = {5631--5637},
	number = {11},
	journal = {Proceedings of the National Academy of Sciences},
	author = {Seshadhri, C. and Sharma, Aneesh and Stolman, Andrew and Goel, Ashish},
	year = {2020},
}

@article{Fa06,
	title = {An introduction to ROC analysis},
	volume = {117},
	pages = {861–-874},
	number = {27},
	journal = {Pattern Recognition Letters},
	author = {Tom Fawcett},
	year = {2006},
}

@InProceedings{GrLe16,
  author    = {Grover, Aditya and Leskovec, Jure},
  booktitle = kdd,
  title     = {node2vec: Scalable Feature Learning for Networks},
  year      = {2016},
  pages     = {855--864},
}

@InProceedings{TQQZYM15,
  author    = {Tang, Jian and Qu, Meng and Wang, Mingzhe and Zhang, Ming and Yan, Jun and Mei, Qiaozhu},
  title     = {Line: Large-scale information network embedding},
  booktitle = www,
  year      = {2015},
  pages     = {1067--1077},
}

@InProceedings{PeAlSk14,
  author    = {Perozzi, Bryan and Al-Rfou, Rami and Skiena, Steven},
  booktitle = kdd,
  title     = {{DeepWalk}: Online learning of social representations},
  year      = {2014},
  pages     = {701--710},
}

@InProceedings{QiDo18,
  author    = {Qiu, Jiezhong and Dong, Yuxiao and Ma, Hao and Li, Jian and Wang, Kuansan and Tang, Jie},
  booktitle = wsdm,
  title     = {Network Embedding as Matrix Factorization: Unifying {DeepWalk}, {LINE}, {PTE}, and node2vec},
  year      = {2018},
  pages     = {459--467},
}

@InProceedings{CaLu15,
  author    = {Cao, Shaosheng and Lu, Wei and Xu, Qiongkai},
  booktitle = cikm,
  title     = {{GraRep}: Learning Graph Representations with Global Structural Information},
  year      = {2015},
  pages     = {891--900},
}

@InProceedings{OuCu16,
  author    = {Ou, Mingdong and Cui, Peng and Pei, Jian and Zhang, Ziwei and Zhu, Wenwu},
  booktitle = kdd,
  title     = {Asymmetric Transitivity Preserving Graph Embedding},
  year      = {2016},
  pages     = {1105--1114},
}

@InProceedings{HaYiLe17,
  author    = {Hamilton, Will and Ying, Zhitao and Leskovec, Jure},
  booktitle = {Neural Information Processing Systems ({NeurIPS})},
  title     = {Inductive Representation Learning on Large Graphs},
  year      = {2017},
  pages     = {1024--1034},
}

@Article{HaYiLe18,
  author  = {William L. Hamilton and Rex Ying and Jure Leskovec},
  journal = {{IEEE} Data Eng. Bull.},
  title   = {Representation Learning on Graphs: Methods and Applications},
  year    = {2017},
  number  = {3},
  pages   = {52--74},
  volume  = {40},
}

@article{goyal3gem,
  title={GEM: A Python package for graph embedding methods},
  author={Goyal, Palash and Ferrara, Emilio},
  journal={Journal of Open Source Software},
  volume={3},
  number={29},
  pages={876}
}

@InProceedings{RoKi20,
  author       = {Benedek Rozemberczki and Oliver Kiss and Rik Sarkar},
  booktitle    = cikm,
  title        = {{Karate Club: An API Oriented Open-source Python Framework for Unsupervised Learning on Graphs}},
  year         = {2020},
  organization = {ACM},
}

@InProceedings{DG06,
  author    = {Davis, Jesse and Goadrich, Mark},
  title     = {The relationship between Precision-Recall and ROC curves},
  booktitle = icml,
  year      = {2006},
  pages     = {233--240},
}

@InProceedings{VeCu+18,
  author    = {Petar Veličkovi\'{c} and Guillem Cucurull and Arantxa Casanova and Adriana Romero and Pietro Liò and Yoshua Bengio},
  booktitle = {International Conference on Learning Representations},
  title     = {Graph Attention Networks},
  year      = {2018},
}

@Article{MLGSurvey20,
  author  = {Chami, Ines and Abu-El-Haija, Sami and Perozzi, Bryan and R{\'e}, Christopher and Murphy, Kevin},
  title   = {Machine Learning on Graphs: A Model and Comprehensive Taxonomy},
  journal = {arXiv:2005.03675},
  year    = {2020},
}

@Article{GJJ20,
  author  = {Garg, Vikas K and Jegelka, Stefanie and Jaakkola, Tommi},
  title   = {Generalization and representational limits of graph neural networks},
  journal = {arXiv:2002.06157},
  year    = {2020},
}

@InProceedings{Lo20,
  author    = {Andreas Loukas},
  booktitle = {International Conference on Learning Representations (ICLR)},
  title     = {What graph neural networks cannot learn: depth vs width},
  year      = {2020},
}

@InProceedings{CMST20,
  author    = {Chanpuriya, Sudhanshu and Musco, Cameron and Sotiropoulos, Konstantinos and Tsourakakis, Charalampos E.},
  booktitle = neurips,
  title     = {Node Embeddings and Exact Low-Rank Representations of Complex Networks},
  year      = {2020},
}

@article{LV99,
  title={Geometric representations of graphs},
  author={Lov{\'a}sz, L{\'a}szl{\'o} and Vesztergombi, Katalin},
  journal={Paul Erdos and his Mathematics},
  year={1999}
}

@inproceedings{NJW02,
  title={On spectral clustering: Analysis and an algorithm},
  author={Ng, Andrew Y and Jordan, Michael I and Weiss, Yair},
  booktitle={Advances in neural information processing systems},
  pages={849--856},
  year={2002}
}

@InProceedings{Mcsherry2001,
  author       = {McSherry, Frank},
  title        = {Spectral partitioning of random graphs},
  booktitle    = focs,
  year         = {2001},
  pages        = {529--537},
  organization = {IEEE},
}

@inproceedings{CRV15,
  title={Stochastic block model and community detection in sparse graphs: A spectral algorithm with optimal rate of recovery},
  author={Chin, Peter and Rao, Anup and Vu, Van},
  booktitle={Conference on Learning Theory},
  pages={391--423},
  year={2015}
}

@InProceedings{LHBH15,
  author    = {Li, Yixuan and He, Kun and Bindel, David and Hopcroft, John E},
  title     = {Uncovering the small community structure in large networks: A local spectral approach},
  booktitle = www,
  year      = {2015},
  pages     = {658--668},
}

@article{FH16,
  title={Community detection in networks: A user guide},
  author={Fortunato, Santo and Hric, Darko},
  journal={Physics reports},
  volume={659},
  pages={1--44},
  year={2016},
  publisher={Elsevier}
}

@book{easley2010networks,
  title={Networks, crowds, and markets},
  author={Easley, David and Kleinberg, Jon},
  volume={8},
  year={2010},
  publisher={Cambridge university press Cambridge}
}

@Misc{Twitter-embeddings,
  title        = {Embeddings@Twitter},
  howpublished = {\url{https://blog.twitter.com/engineering/en_us/topics/insights/2018/embeddingsattwitter.html}},
  year         = {2018},
}

@InProceedings{covington2016deep,
  author    = {Covington, Paul and Adams, Jay and Sargin, Emre},
  booktitle = {Conference on Recommender Systems (RecSys)},
  title     = {Deep neural networks for youtube recommendations},
  year      = {2016},
  pages     = {191--198},
}

@article{KW17,
  title={Semi-Supervised Classification with Graph Convolutional Networks.},
  author={Thomas, N Kipf and Welling, Max},
  journal={International Conference on Learning Representations},
  volume={2},
  year={2017},
}

@inproceedings{LM14,
  title={Distributed representations of sentences and documents},
  author={Le, Quoc and Mikolov, Tomas},
  booktitle={International conference on machine learning},
  pages={1188--1196},
  year={2014}
}

@InProceedings{HLGZLPL20,
  author    = {Weihua Hu and Bowen Liu and Joseph Gomes and Marinka Zitnik and Percy Liang and Vijay Pande and Jure Leskovec},
  booktitle = {International Conference on Learning Representations},
  title     = {Strategies for Pre-training Graph Neural Networks},
  year      = {2020},
}

@InProceedings{AL06,
  author    = {Andersen, Reid and Lang, Kevin J},
  title     = {Communities from seed sets},
  booktitle = www,
  year      = {2006},
  pages     = {223--232},
}

@misc{snapnets,
  author       = {Jure Leskovec and Andrej Krevl},
  title        = {{SNAP Datasets}: {Stanford} Large Network Dataset Collection},
  howpublished = {\url{http://snap.stanford.edu/data}},
  month        = jun,
  year         = 2014
}

@Article{ACL07,
  author  = {Reid Andersen and Fan Chung and Kevin Lang},
  journal = {Internet Mathematics},
  title   = {Using PageRank to Locally Partition a Graph},
  year    = {2007},
  pages   = {35--64},
  volume  = {4},
}

@InProceedings{SSG17,
  author    = {Sharma, Aneesh and Seshadhri, C. and Goel, Ashish},
  booktitle = www,
  title     = {When Hashes Met Wedges: A Distributed Algorithm for Finding High Similarity Vectors},
  year      = {2017},
  pages     = {431--440},
  doi       = {10.1145/3038912.3052633},
  isbn      = {9781450349130},
  keywords  = {matrix multiplication, similarity search, wedge sampling, nearest neighbor search},
  location  = {Perth, Australia},
  url       = {https://doi.org/10.1145/3038912.3052633},
}

@book{pml1Book,
 author = "Kevin P. Murphy",
 title = "Probabilistic Machine Learning: An introduction",
 publisher = "MIT Press",
 year = 2021,
 url = "probml.ai"
}

@book{mmds_book,
  title={Mining of massive data sets},
  author={Leskovec, Jure and Rajaraman, Anand and Ullman, Jeffrey David},
  year={2020},
  publisher={Cambridge university press}
}

@Misc{Ger,
  title        = {Gershgorin Circle Theorem},
  howpublished = {\url{https://en.wikipedia.org/wiki/Gershgorin_circle_theorem}},
  year         = {2020},
}

@Article{AdAd03,
  author  = {L. Adamic and E. Adar},
  journal = {Social Networks},
  title   = {Friends and neighbors on the web},
  year    = {2003},
  number  = {3},
  volume  = {25},
}

@Article{LNKl07,
  author  = {David Liben-Nowell and Jon Kleinberg},
  journal = {Journal of the American Society for Information Science and Technology},
  title   = {The link prediction problem for social networks},
  year    = {2007},
  number  = {7},
  pages   = {1019–-1031},
  volume  = {58},
}

@Article{GuVi+19,
  author  = {Saket Gurukar and Priyesh Vijayan and Aakash Srinivasan and Goonmeet Bajaj and Chen Cai and Moniba Keymanesh and Saravana Kumar and Pranav Maneriker and Anasua Mitra and Vedang Patel and Balaraman Ravindran and Srinivasan Parthasarathy},
  journal = {arXiv},
  title   = {Network Representation Learning: Consolidation and Renewed Bearing},
  year    = {2019},
  volume  = {abs/1905.00987},
}

@InProceedings{StLe+22,
  author    = {Andrew Stolman and Caleb Levy and C. Seshadhri and Aneesh Sharma},
  booktitle = sdm,
  title     = {Classic Graph Structural Features Outperform Factorization-Based Graph Embedding Methods on Community Labeling},
  year      = {2022},
  pages     = {388--396},
}

@InProceedings{PeKu+17,
  author    = {Perozzi, Bryan and Kulkarni, Vivek and Chen, Haochen and Skiena, Steven},
  booktitle = asonam,
  title     = {Don't Walk, Skip! Online Learning of Multi-Scale Network Embeddings},
  year      = {2017},
  pages     = {258–265},
}

@Article{Ha09,
  author  = {Hand, David J.},
  journal = {Machine Learning},
  title   = {Measuring classifier performance: a coherent alternative to the area under the {ROC} curve},
  year    = {2009},
  issn    = {1573-0565},
  month   = {Oct},
  number  = {1},
  pages   = {103-123},
  volume  = {77},
  day     = {01},
  doi     = {10.1007/s10994-009-5119-5},
  url     = {https://doi.org/10.1007/s10994-009-5119-5},
}

@InProceedings{LiCh12,
  author    = {Lichtenwalter, Ryan and Chawla, Nitesh V.},
  booktitle = asonam,
  title     = {Link Prediction: Fair and Effective Evaluation},
  year      = {2012},
  pages     = {376-383},
  doi       = {10.1109/ASONAM.2012.68},
}

@InProceedings{LiWu19,
  author    = {Jundong Li and Liang Wu and Huan Liu},
  booktitle = asonam,
  title     = {Multi-Level Network Embedding with Boosted Low-Rank Matrix Approximation},
  year      = {2019},
  pages     = {49--56},
}

@InProceedings{ZhCu+18,
  author    = {Zhang, Ziwei and Cui, Peng and Li, Haoyang and Wang, Xiao and Zhu, Wenwu},
  booktitle = icdm,
  title     = {Billion-Scale Network Embedding with Iterative Random Projection},
  year      = {2018},
  pages     = {787-796},
  doi       = {10.1109/ICDM.2018.00094},
}

@InProceedings{Cao2016,
  author    = {Cao, Shaosheng and Lu, Wei and Xu, Qiongkai},
  booktitle = aaai,
  title     = {Deep Neural Networks for Learning Graph Representations},
  year      = {2016},
  address   = {Phoenix, Arizona},
  pages     = {1145--1152},
  acmid     = {3015982},
  numpages  = {8},
  url       = {http://dl.acm.org/citation.cfm?id=3015812.3015982},
}

@Article{Barabasi1999,
  author    = {A.-L. Barabasi and R. Albert},
  journal   = {Science},
  title     = {Emergence of scaling in random networks},
  year      = {1999},
  pages     = {509--512},
  volume    = {286},
  doi       = {10.1126/science.286.5439.509},
  file      = {BaAl99.pdf:BaAl99.pdf:PDF},
  owner     = {tgkolda},
  timestamp = {2011.04.27},
}

@Book{Wasserman1994,
  author    = {S. Wasserman and K. Faust},
  publisher = {Cambridge University Press},
  title     = {Social Network Analysis: Methods and Applications},
  year      = {1994},
  owner     = {scomand},
  timestamp = {2013.07.09},
}

@Article{WaSt98,
  author    = {D. Watts and S. Strogatz},
  journal   = {Nature},
  title     = {Collective dynamics of `small-world' networks},
  year      = {1998},
  pages     = {440--442},
  volume    = {393},
  doi       = {10.1038/30918},
  owner     = {scomand},
  timestamp = {2013.07.09},
}

@InProceedings{HuHe+21,
  author    = {Qian Huang and Horace He and Abhay Singh and Ser{-}Nam Lim and Austin R. Benson},
  booktitle = {International Conference on Learning Representations (ICLR)},
  title     = {Combining Label Propagation and Simple Models out-performs Graph Neural Networks},
  year      = {2021},
  bibsource = {dblp computer science bibliography, https://dblp.org},
  biburl    = {https://dblp.org/rec/conf/iclr/HuangHSLB21.bib},
  timestamp = {Wed, 23 Jun 2021 17:36:40 +0200},
  url       = {https://openreview.net/forum?id=8E1-f3VhX1o},
}

@InProceedings{ChMu+21,
  author    = {Sudhanshu Chanpuriya and Cameron Musco and Konstantinos Sotiropoulos and Charalampos E. Tsourakakis},
  booktitle = icml,
  title     = {DeepWalking Backwards: From Embeddings Back to Graphs},
  year      = {2021},
  pages     = {1473--1483},
  volume    = {139},
}

@Article{WaCu+17,
  author  = {Wang, Xiao and Cui, Peng and Wang, Jing and Pei, Jian and Zhu, Wenwu and Yang, Shiqiang},
  journal = {AAAI Conference on Artificial Intelligence},
  title   = {Community Preserving Network Embedding},
  year    = {2017},
  number  = {1},
  volume  = {31},
}

@Misc{Sci,
  howpublished = {\url{https://scikit-learn.org/stable/modules/neighbors.html}},
  title        = {Scikit-learn: Nearest Neighbors},
}

@InProceedings{DuPi+12,
  author    = {N. Durak and A. Pinar and T. G. Kolda and C. Seshadhri},
  booktitle = {Conference on Information and Knowledge Management (CIKM)},
  title     = {Degree Relations of Triangles in Real-world Networks and Graph Models},
  year      = {2012},
  pages     = {1712--1716},
}

@InProceedings{SaCaWi+10,
  author    = {A. Sala and L. Cao and C. Wilson and R. Zablit and H. Zheng and B. Y. Zhao},
  booktitle = www,
  title     = {Measurement-calibrated Graph Models for Social Network Experiments},
  year      = {2010},
  pages     = {861--870},
  doi       = {10.1145/1772690.1772778},
  owner     = {scomand},
  timestamp = {2013.07.09},
}

@Article{SeKoPi12,
  author    = {C. Seshadhri and Tamara G. Kolda and Ali Pinar},
  journal   = {Physical Review E},
  title     = {Community structure and scale-free collections of {Erd\"os-R\'enyi} graphs},
  year      = {2012},
  number    = {5},
  pages     = {056109},
  volume    = {85},
  doi       = {10.1103/PhysRevE.85.056109},
  owner     = {scomand},
  timestamp = {2013.07.09},
}

@Article{HoLa83,
  author  = {P. W. Holland and K. Laskey and S. Leinhardt},
  journal = {Social Networks},
  title   = {Stochastic blockmodels: First steps},
  year    = {1983},
  pages   = {109–137},
  volume  = {5},
}

@InProceedings{YoSc07,
  author    = {Young, Stephen J. and Scheinerman, Edward R.},
  booktitle = {Algorithms and Models for the Web-Graph},
  title     = {Random Dot Product Graph Models for Social Networks},
  year      = {2007},
  pages     = {138--149},
  abstract  = {Inspired by the recent interest in combining geometry with random graph models, we explore in this paper two generalizations of the random dot product graph model proposed by Kraetzl, Nickel and Scheinerman, and Tucker [1,2]. In particular we consider the properties of clustering, diameter and degree distribution with respect to these models. Additionally we explore the conductance of these models and show that in a geometric sense, the conductance is constant.},
  isbn      = {978-3-540-77004-6},
}

@Article{AtFi+18,
  author  = {Avanti Athreya and Donniell E. Fishkind and Keith Levin and Vince Lyzinski and Youngser Park and Yichen Qin and Daniel L. Sussman and Minh Tang and Joshua T. Vogelstein and Carey E. Priebe},
  journal = {Journal of Machine Learning Research},
  title   = {Statistical Inference on Random Dot Product Graphs: a Survey},
  year    = {2018},
  pages   = {1-92},
  volume  = {18},
}

@Misc{ogb,
  howpublished = {\url{https://ogb.stanford.edu/docs/lsc/leaderboards/}},
  title        = {OGB Leaderboards},
}

@InProceedings{YaLe12,
  author    = {Yang, Jaewon and Leskovec, Jure},
  booktitle = {SIGKDD Workshop on Mining Data Semantics},
  title     = {Defining and Evaluating Network Communities Based on Ground-Truth},
  year      = {2012},
  articleno = {3},
  doi       = {10.1145/2350190.2350193},
  isbn      = {9781450315463},
  keywords  = {community scores, network communities, social and information networks},
  location  = {Beijing, China},
  numpages  = {8},
  url       = {https://doi.org/10.1145/2350190.2350193},
}

@InProceedings{XuHuLe+19,
  author    = {Keyulu Xu and Weihua Hu and Jure Leskovec and Stefanie Jegelka},
  booktitle = iclr #{International Conference on Learning Representations (ICLR)},
  title     = {How Powerful are Graph Neural Networks?},
  year      = {2019},
}

@InProceedings{GaJeJa20,
  author    = {Vikas K. Garg and Stefanie Jegelka and Tommi S. Jaakkola},
  booktitle = icml,
  title     = {Generalization and Representational Limits of Graph Neural Networks},
  year      = {2020},
  pages     = {3419--3430},
  volume    = {119},
}

@InProceedings{WaCu+17,
  author    = {Xiao Wang and Peng Cui and Jing Wang and Jian Pei and Wenwu Zhu and Shiqiang Yang},
  booktitle = {AAAI Conference on Artificial Intelligence},
  title     = {Community Preserving Network Embedding},
  year      = {2017},
  pages     = {203--209},
}

@Comment{jabref-meta: databaseType:bibtex;}
