%social networks
@inproceedings{rath2021scarlet,
  title={SCARLET: explainable attention based graph neural network for fake news spreader prediction},
  author={Rath, Bhavtosh and Morales, Xavier and Srivastava, Jaideep},
  booktitle={Advances in Knowledge Discovery and Data Mining: 25th Pacific-Asia Conference, PAKDD 2021, Virtual Event, May 11--14, 2021, Proceedings, Part I},
  pages={714--727},
  year={2021},
  organization={Springer}
}

@inproceedings{ma2021understanding,
  title={Understanding Drug Abuse Social Network Using Weighted Graph Neural Networks Explainer},
  author={Ma, Zuanjie and Gu, Hongming and Liu, Zhenhua},
  booktitle={Computational Science and Its Applications--ICCSA 2021: 21st International Conference, Cagliari, Italy, September 13--16, 2021, Proceedings, Part III 21},
  pages={52--61},
  year={2021},
  organization={Springer}
}

% computer security
@inproceedings{he2022illuminati,
  title={Illuminati: Towards Explaining Graph Neural Networks for Cybersecurity Analysis},
  author={He, Haoyu and Ji, Yuede and Huang, H Howie},
  booktitle={2022 IEEE 7th European Symposium on Security and Privacy (EuroS\&P)},
  pages={74--89},
  year={2022},
  organization={IEEE}
}
@inproceedings{herath2022cfgexplainer,
  title={CFGExplainer: Explaining Graph Neural Network-Based Malware Classification from Control Flow Graphs},
  author={Herath, Jerome Dinal and Wakodikar, Priti Prabhakar and Yang, Ping and Yan, Guanhua},
  booktitle={2022 52nd Annual IEEE/IFIP International Conference on Dependable Systems and Networks (DSN)},
  pages={172--184},
  year={2022},
  organization={IEEE}
}

@inproceedings{zhu2022interpretability,
  title={Interpretability evaluation of botnet detection model based on graph neural network},
  author={Zhu, Xiaolin and Zhang, Yong and Zhang, Zhao and Guo, Da and Li, Qi and Li, Zhao},
  booktitle={IEEE INFOCOM 2022-IEEE Conference on Computer Communications Workshops (INFOCOM WKSHPS)},
  pages={1--6},
  year={2022},
  organization={IEEE}
}

@article{lo2023xg,
  title={XG-BoT: An explainable deep graph neural network for botnet detection and forensics},
  author={Lo, Wai Weng and Kulatilleke, Gayan and Sarhan, Mohanad and Layeghy, Siamak and Portmann, Marius},
  journal={Internet of Things},
  volume={22},
  pages={100747},
  year={2023},
  publisher={Elsevier}
}

@article{fraud-detect,
  title={xFraud: explainable fraud transaction detection},
  author={Rao, Susie Xi and Zhang, Shuai and Han, Zhichao and Zhang, Zitao and Min, Wei and Chen, Zhiyao and Shan, Yinan and Zhao, Yang and Zhang, Ce},
  journal={Proceedings of the VLDB Endowment},
  number={3},
  pages={427--436},
  year={2021},
  publisher={VLDB Endowment}
}

@article{drug-design,
  title={Interpretable Chirality-Aware Graph Neural Network for Quantitative Structure Activity Relationship Modeling in Drug Discovery},
  author={Liu, Yunchao and Wang, Yu and Vu, Oanh T and Moretti, Rocco and Bodenheimer, Bobby and Meiler, Jens and Derr, Tyler},
  journal={bioRxiv},
  pages={2022--08},
  year={2022},
  publisher={Cold Spring Harbor Laboratory}
}

@article{drug-ligand,
  title={Graph convolutional networks for computational drug development and discovery},
  author={Sun, Mengying and Zhao, Sendong and Gilvary, Coryandar and Elemento, Olivier and Zhou, Jiayu and Wang, Fei},
  journal={Briefings in bioinformatics},
  volume={21},
  number={3},
  pages={919--935},
  year={2020},
  publisher={Oxford University Press}
}



@article{trust-AI,
  title={Bridging the gap between ethics and practice: guidelines for reliable, safe, and trustworthy human-centered AI systems},
  author={Shneiderman, Ben},
  journal={ACM Transactions on Interactive Intelligent Systems (TiiS)},
  volume={10},
  number={4},
  pages={1--31},
  year={2020},
  publisher={ACM New York, NY, USA}
}

@inproceedings{cui2022interpretable,
  title={Interpretable graph neural networks for connectome-based brain disorder analysis},
  author={Cui, Hejie and Dai, Wei and Zhu, Yanqiao and Li, Xiaoxiao and He, Lifang and Yang, Carl},
  booktitle={Medical Image Computing and Computer Assisted Intervention--MICCAI 2022: 25th International Conference, Singapore, September 18--22, 2022, Proceedings, Part VIII},
  pages={375--385},
  year={2022},
  organization={Springer}
}

@inproceedings{mauri2022accurate,
  title={Accurate and Explainable Image-Based Prediction Using a Lightweight Generative Model},
  author={Mauri, Chiara and Cerri, Stefano and Puonti, Oula and M{\"u}hlau, Mark and Van Leemput, Koen},
  booktitle={Medical Image Computing and Computer Assisted Intervention--MICCAI 2022: 25th International Conference, Singapore, September 18--22, 2022, Proceedings, Part VIII},
  pages={448--458},
  year={2022},
  organization={Springer}
}

@inproceedings{zhou2022interpretable,
  title={Interpretable graph convolutional network of multi-modality brain imaging for Alzheimerâ€™s disease diagnosis},
  author={Zhou, Houliang and He, Lifang and Zhang, Yu and Shen, Li and Chen, Brian},
  booktitle={2022 IEEE 19th International Symposium on Biomedical Imaging (ISBI)},
  pages={1--5},
  year={2022},
  organization={IEEE}
}

@article{pfeifer2022gnn,
  title={GNN-SubNet: disease subnetwork detection with explainable graph neural networks},
  author={Pfeifer, Bastian and Saranti, Anna and Holzinger, Andreas},
  journal={Bioinformatics},
  volume={38},
  number={Supplement\_2},
  pages={ii120--ii126},
  year={2022},
  publisher={Oxford University Press}
}

@inproceedings{wu2021counterfactual,
  title={Counterfactual supporting facts extraction for explainable medical record based diagnosis with graph network},
  author={Wu, Haoran and Chen, Wei and Xu, Shuang and Xu, Bo},
  booktitle={Proceedings of the 2021 Conference of the North American Chapter of the Association for Computational Linguistics: Human Language Technologies},
  pages={1942--1955},
  year={2021}
}



% ==================Chemistry==============
@inproceedings{henderson2021improving,
  title={Improving molecular graph neural network explainability with orthonormalization and induced sparsity},
  author={Henderson, Ryan and Clevert, Djork-Arn{\'e} and Montanari, Floriane},
  booktitle={International Conference on Machine Learning},
  pages={4203--4213},
  year={2021},
  organization={PMLR}
}

@article{xu2021aprile,
  title={APRILE: Exploring the Molecular Mechanisms of Drug Side Effects with Explainable Graph Neural Networks},
  author={Xu, Hao and Sang, Shengqi and Yao, Herbert and Herghelegiu, Alexandra I and Lu, Haiping and Yurkovich, James T and Yang, Laurence},
  journal={bioRxiv},
  pages={2021--07},
  year={2021},
  publisher={Cold Spring Harbor Laboratory}
}

@article{jimenez2021coloring,
  title={Coloring molecules with explainable artificial intelligence for preclinical relevance assessment},
  author={Jim{\'e}nez-Luna, Jos{\'e} and Skalic, Miha and Weskamp, Nils and Schneider, Gisbert},
  journal={Journal of Chemical Information and Modeling},
  volume={61},
  number={3},
  pages={1083--1094},
  year={2021},
  publisher={ACS Publications}
}

% ==================================Pathology==========================================
@inproceedings{jaume2021quantifying,
  title={Quantifying explainers of graph neural networks in computational pathology},
  author={Jaume, Guillaume and Pati, Pushpak and Bozorgtabar, Behzad and Foncubierta, Antonio and Anniciello, Anna Maria and Feroce, Florinda and Rau, Tilman and Thiran, Jean-Philippe and Gabrani, Maria and Goksel, Orcun},
  booktitle={Proceedings of the IEEE/CVF conference on computer vision and pattern recognition},
  pages={8106--8116},
  year={2021}
}

@article{yu2021towards,
  title={Towards the Explanation of Graph Neural Networks in Digital Pathology with Information Flows},
  author={Yu, Junchi and Xu, Tingyang and He, Ran},
  journal={arXiv preprint arXiv:2112.09895},
  year={2021}
}

@article{bonet2022explaining,
  title={Explaining Graph Neural Networks With Topology-Aware Node Selection: Application in Air Quality Inference},
  author={Bonet, Esther Rodrigo and Do, Tien Huu and Qin, Xuening and Hofman, Jelle and La Manna, Valerio Panzica and Philips, Wilfried and Deligiannis, Nikos},
  journal={IEEE Transactions on Signal and Information Processing over Networks},
  volume={8},
  pages={499--513},
  year={2022},
  publisher={IEEE}
}

@inproceedings{abrate2021counterfactual,
  title={Counterfactual graphs for explainable classification of brain networks},
  author={Abrate, Carlo and Bonchi, Francesco},
  booktitle={ACM SIGKDD Conference on Knowledge Discovery \& Data Mining},
  pages={2495--2504},
  year={2021}
}