@inproceedings{fan2021gcn,
  title={Gcn-se: Attention as explainability for node classification in dynamic graphs},
  author={Fan, Yucai and Yao, Yuhang and Joe-Wong, Carlee},
  booktitle={2021 IEEE International Conference on Data Mining (ICDM)},
  pages={1060--1065},
  year={2021},
  organization={IEEE}
}
@article{xie2022explaining,
  title={Explaining Dynamic Graph Neural Networks via Relevance Back-propagation},
  author={Xie, Jiaxuan and Liu, Yezi and Shen, Yanning},
  journal={arXiv preprint arXiv:2207.11175},
  year={2022}
}

@article{han2022interpretable,
  title={Interpretable Graph Reservoir Computing With the Temporal Pattern Attention},
  author={Han, Xinyu and Zhao, Yi},
  journal={IEEE Transactions on Neural Networks and Learning Systems},
  year={2022},
  publisher={IEEE}
}
@inproceedings{he2022explainer,
  title={An Explainer for Temporal Graph Neural Networks},
  author={He, Wenchong and Vu, Minh N and Jiang, Zhe and Thai, My T},
  booktitle={GLOBECOM 2022-2022 IEEE Global Communications Conference},
  pages={6384--6389},
  year={2022},
  organization={IEEE}
}
@inproceedings{liudifferential,
  title={A Differential Geometric View and Explainability of GNN on Evolving Graphs},
  author={Liu, Yazheng and Zhang, Xi and Xie, Sihong},
  booktitle={The Eleventh International Conference on Learning Representations},
  year={2023}
}
@inproceedings{vu2022limit,
  title={On the Limit of Explaining Black-box Temporal Graph Neural Networks},
  author={Vu, Minh N and Thai, My T},
  booktitle={AAAI},
  year={2022}
}
@inproceedings{xiaexplaining,
  title={Explaining Temporal Graph Models through an Explorer-Navigator Framework},
  author={Xia, Wenwen and Lai, Mincai and Shan, Caihua and Zhang, Yao and Dai, Xinnan and Li, Xiang and Li, Dongsheng},
  booktitle={The Eleventh International Conference on Learning Representations},
  year={2023}
}
@inproceedings{yang2023interpretable,
  title={Interpretable Research Interest Shift Detection with Temporal Heterogeneous Graphs},
  author={Yang, Qiang and Ma, Changsheng and Zhang, Qiannan and Gao, Xin and Zhang, Chuxu and Zhang, Xiangliang},
  booktitle={Proceedings of the Sixteenth ACM International Conference on Web Search and Data Mining},
  pages={321--329},
  year={2023}
}

%%%%%%%%%%%% other associated but not explainer
@article{zhao2019tgcn,
  title={T-gcn: A temporal graph convolutional network for traffic prediction},
  author={Zhao, Ling and Song, Yujiao and Zhang, Chao and Liu, Yu and Wang, Pu and Lin, Tao and Deng, Min and Li, Haifeng},
  journal={IEEE transactions on intelligent transportation systems},
  volume={21},
  number={9},
  pages={3848--3858},
  year={2019},
  publisher={IEEE}
}
%%%%%%%%%%%%%%%%%%%%%%%%%%%%%%%%%%
% can be removed
@article{zhangtgp,
  title={TGP: Explainable Temporal Graph Neural Networks for Personalized Recommendation},
  author={Zhang, Fan}
}


%%%%%%%%%%FUTURE WORK%%%%%%%%%%%%%
@article{khalil2017learning,
  title={Learning combinatorial optimization algorithms over graphs},
  author={Khalil, Elias and Dai, Hanjun and Zhang, Yuyu and Dilkina, Bistra and Song, Le},
  journal={Advances in neural information processing systems},
  volume={30},
  year={2017}
}
@article{manchanda2020gcomb,
  title={Gcomb: Learning budget-constrained combinatorial algorithms over billion-sized graphs},
  author={Manchanda, Sahil and Mittal, Akash and Dhawan, Anuj and Medya, Sourav and Ranu, Sayan and Singh, Ambuj},
  journal={Advances in Neural Information Processing Systems},
  volume={33},
  pages={20000--20011},
  year={2020}
}
@inproceedings{ranjan2022greed,
  title={GREED: A Neural Framework for Learning Graph Distance Functions},
  author={Ranjan, Rishabh and Grover, Siddharth and Medya, Sourav and Chakaravarthy, Venkatesan and Sabharwal, Yogish and Ranu, Sayan},
  booktitle={Advances in Neural Information Processing Systems},
  year={2022}
}

@article{medya2018noticeable,
  title={Noticeable network delay minimization via node upgrades},
  author={Medya, Sourav and Ranu, Sayan and Vachery, Jithin and Singh, Ambuj},
  journal={Proceedings of the VLDB Endowment},
  volume={11},
  number={9},
  pages={988--1001},
  year={2018},
  publisher={VLDB Endowment}
}
@inproceedings{medya2016towards,
  title={Towards scalable network delay minimization},
  author={Medya, Sourav and Bogdanov, Petko and Singh, Ambuj},
  booktitle={2016 IEEE 16th International Conference on Data Mining (ICDM)},
  pages={1083--1088},
  year={2016},
  organization={IEEE}
}
@inproceedings{wilder2018optimizing,
  title={Optimizing Network Structure for Preventative Health.},
  author={Wilder, Bryan and Ou, Han-Ching and de la Haye, Kayla and Tambe, Milind},
  booktitle={AAMAS},
  pages={841--849},
  year={2018}
}
@inproceedings{kempe2003maximizing,
  title={Maximizing the spread of influence through a social network},
  author={Kempe, David and Kleinberg, Jon and Tardos, {\'E}va},
  booktitle={Proceedings of the ninth ACM SIGKDD international conference on Knowledge discovery and data mining},
  pages={137--146},
  year={2003}
}
@article{medya2020approximate,
  title={Approximate algorithms for data-driven influence limitation},
  author={Medya, Sourav and Silva, Arlei and Singh, Ambuj},
  journal={IEEE Transactions on Knowledge and Data Engineering},
  volume={34},
  number={6},
  pages={2641--2652},
  year={2020},
  publisher={IEEE}
}
@article{kosan2021event,
  title={Event detection on dynamic graphs},
  author={Kosan, Mert and Silva, Arlei and Medya, Sourav and Uzzi, Brian and Singh, Ambuj},
  journal={arXiv preprint arXiv:2110.12148},
  year={2021}
}
@inproceedings{medya2022exploratory,
  title={An Exploratory Study of Stock Price Movements from Earnings Calls},
  author={Medya, Sourav and Rasoolinejad, Mohammad and Yang, Yang and Uzzi, Brian},
  booktitle={Companion Proceedings of the Web Conference 2022},
  pages={20--31},
  year={2022}
}