@article{zitnik2019machine,
  title={Machine learning for integrating data in biology and medicine: Principles, practice, and opportunities},
  author={Zitnik, Marinka and Nguyen, Francis and Wang, Bo and Leskovec, Jure and Goldenberg, Anna and Hoffman, Michael M},
  journal={Information Fusion},
  volume={50},
  pages={71--91},
  year={2019},
  publisher={Elsevier}
}

@article{zitnik2018modeling,
  title={Modeling polypharmacy side effects with graph convolutional networks},
  author={Zitnik, Marinka and Agrawal, Monica and Leskovec, Jure},
  journal={Bioinformatics},
  volume={34},
  number={13},
  pages={i457--i466},
  year={2018},
  publisher={Oxford University Press}
}

@article{xiong2021graph,
  title={Graph neural networks for automated de novo drug design},
  author={Xiong, Jiacheng and Xiong, Zhaoping and Chen, Kaixian and Jiang, Hualiang and Zheng, Mingyue},
  journal={Drug Discovery Today},
  volume={26},
  number={6},
  pages={1382--1393},
  year={2021},
  publisher={Elsevier}
}


@article{kipf2016semi,
  title={Semi-supervised classification with graph convolutional networks},
  author={Kipf, Thomas N and Welling, Max},
  journal={arXiv preprint arXiv:1609.02907},
  year={2016}
}

@article{velivckovic2017graph,
  title={Graph attention networks},
  author={Veli{\v{c}}kovi{\'c}, Petar and Cucurull, Guillem and Casanova, Arantxa and Romero, Adriana and Lio, Pietro and Bengio, Yoshua},
  journal={arXiv preprint arXiv:1710.10903},
  year={2017}
}

@article{hamilton2017inductive,
  title={Inductive representation learning on large graphs},
  author={Hamilton, Will and Ying, Zhitao and Leskovec, Jure},
  journal={Advances in neural information processing systems},
  volume={30},
  year={2017}
}

@article{burkart2021survey,
  title={A survey on the explainability of supervised machine learning},
  author={Burkart, Nadia and Huber, Marco F},
  journal={Journal of Artificial Intelligence Research},
  volume={70},
  pages={245--317},
  year={2021}
}

@article{wachter2017counterfactual,
  title={Counterfactual explanations without opening the black box: Automated decisions and the GDPR},
  author={Wachter, Sandra and Mittelstadt, Brent and Russell, Chris},
  journal={Harv. JL \& Tech.},
  volume={31},
  pages={841},
  year={2017},
  publisher={HeinOnline}
}

@inproceedings{trivedi2019dyrep,
  title={Dyrep: Learning representations over dynamic graphs},
  author={Trivedi, Rakshit and Farajtabar, Mehrdad and Biswal, Prasenjeet and Zha, Hongyuan},
  booktitle={International conference on learning representations},
  year={2019}
}

@article{liao2021human,
  title={Human-centered explainable ai (xai): From algorithms to user experiences},
  author={Liao, Q Vera and Varshney, Kush R},
  journal={arXiv preprint arXiv:2110.10790},
  year={2021}
}


% some dataset related

@article{mutag,
  title={Structure-activity relationship of mutagenic aromatic and heteroaromatic nitro compounds. correlation with molecular orbital energies and hydrophobicity},
  author={Debnath, Asim Kumar and Lopez de Compadre, Rosa L and Debnath, Gargi and Shusterman, Alan J and Hansch, Corwin},
  journal={Journal of medicinal chemistry},
  volume={34},
  number={2},
  pages={786--797},
  year={1991},
  publisher={ACS Publications}
}


@article{NCI1_data,
  title={Comparison of descriptor spaces for chemical compound retrieval and classification},
  author={Wale, Nikil and Watson, Ian A and Karypis, George},
  journal={Knowledge and Information Systems},
  volume={14},
  pages={347--375},
  year={2008},
  publisher={Springer}
}

@article{getoor2005advanced,
  title={Advanced Methods for Knowledge Discovery from Complex Data},
  author={Getoor, L},
  journal={Link-based Classification},
  volume={189},
  pages={207},
  year={2005},
  publisher={Springer London}
}

@article{moleculenet,
  title={MoleculeNet: a benchmark for molecular machine learning},
  author={Wu, Zhenqin and Ramsundar, Bharath and Feinberg, Evan N and Gomes, Joseph and Geniesse, Caleb and Pappu, Aneesh S and Leswing, Karl and Pande, Vijay},
  journal={Chemical science},
  volume={9},
  number={2},
  pages={513--530},
  year={2018},
  publisher={Royal Society of Chemistry}
}

@article{mnist_75,
  title={Understanding attention and generalization in graph neural networks},
  author={Knyazev, Boris and Taylor, Graham W and Amer, Mohamed},
  journal={Advances in neural information processing systems},
  volume={32},
  year={2019}
}

@article{sst-datasets,
  title={Explainability in graph neural networks: A taxonomic survey},
  author={Yuan, Hao and Yu, Haiyang and Gui, Shurui and Ji, Shuiwang},
  journal={IEEE Transactions on Pattern Analysis and Machine Intelligence},
  year={2022},
  publisher={IEEE}
}

@article{martins2012bayesian,
  title={A Bayesian approach to in silico blood-brain barrier penetration modeling},
  author={Martins, Ines Filipa and Teixeira, Ana L and Pinheiro, Luis and Falcao, Andre O},
  journal={Journal of chemical information and modeling},
  volume={52},
  number={6},
  pages={1686--1697},
  year={2012},
  publisher={ACS Publications}
}

@article{sorkun2019aqsoldb,
  title={AqSolDB, a curated reference set of aqueous solubility and 2D descriptors for a diverse set of compounds},
  author={Sorkun, Murat Cihan and Khetan, Abhishek and Er, S{\"u}leyman},
  journal={Scientific data},
  volume={6},
  number={1},
  pages={143},
  year={2019},
  publisher={Nature Publishing Group UK London}
}

@article{kersting2016benchmark,
  title={Benchmark data sets for graph kernels},
  author={Kersting, Kristian and Kriege, Nils M and Morris, Christopher and Mutzel, Petra and Neumann, Marion},
  year={2016}
}

@article{erd1959and,
  title={os and A. R enyi,$\backslash$On random graphs I},
  author={Erd, P},
  journal={Publ. Math. Debrecen},
  volume={6},
  pages={290--297},
  year={1959}
}

@article{esol,
author = {Delaney, John S.},
title = {ESOL: Estimating Aqueous Solubility Directly from Molecular Structure},
journal = {Journal of Chemical Information and Computer Sciences},
volume = {44},
number = {3},
pages = {1000-1005},
year = {2004},
doi = {10.1021/ci034243x},
    note ={PMID: 15154768},
URL = { 
        https://doi.org/10.1021/ci034243x
},
eprint = { 
        https://doi.org/10.1021/ci034243x
}
}


% Various methods
% Decomposition


@article{GNN-LRP,
  title={Higher-order explanations of graph neural networks via relevant walks},
  author={Schnake, Thomas and Eberle, Oliver and Lederer, Jonas and Nakajima, Shinichi and Sch{\"u}tt, Kristof T and M{\"u}ller, Klaus-Robert and Montavon, Gr{\'e}goire},
  journal={IEEE transactions on pattern analysis and machine intelligence},
  volume={44},
  number={11},
  pages={7581--7596},
  year={2021},
  publisher={IEEE}
}

@inproceedings{degree,
  title={DEGREE: Decomposition Based Explanation for Graph Neural Networks},
  author={Feng, Qizhang and Liu, Ninghao and Yang, Fan and Tang, Ruixiang and Du, Mengnan and Hu, Xia},
  booktitle={International Conference on Learning Representations},
  year={2022}
}

@inproceedings{coop-game,
  title={Cooperative Explanations of Graph Neural Networks},
  author={Fang, Junfeng and Wang, Xiang and Zhang, An and Liu, Zemin and He, Xiangnan and Chua, Tat-Seng},
  booktitle={Proceedings of the Sixteenth ACM International Conference on Web Search and Data Mining},
  pages={616--624},
  year={2023}
}

@article{LRP-main,
  title={On pixel-wise explanations for non-linear classifier decisions by layer-wise relevance propagation},
  author={Bach, Sebastian and Binder, Alexander and Montavon, Gr{\'e}goire and Klauschen, Frederick and M{\"u}ller, Klaus-Robert and Samek, Wojciech},
  journal={PloS one},
  volume={10},
  number={7},
  pages={e0130140},
  year={2015},
  publisher={Public Library of Science San Francisco, CA USA}
}

% same for Grad-cam and CAM
@inproceedings{Excitation-BP,
  title={Explainability methods for graph convolutional neural networks},
  author={Pope, Phillip E and Kolouri, Soheil and Rostami, Mohammad and Martin, Charles E and Hoffmann, Heiko},
  booktitle={Proceedings of the IEEE/CVF conference on computer vision and pattern recognition},
  pages={10772--10781},
  year={2019}
}
@inproceedings{co-operative,
  title={Cooperative Explanations of Graph Neural Networks},
  author={Fang, Junfeng and Wang, Xiang and Zhang, An and Liu, Zemin and He, Xiangnan and Chua, Tat-Seng},
  booktitle={Proceedings of the Sixteenth ACM International Conference on Web Search and Data Mining},
  pages={616--624},
  year={2023}
}

% Gradient
% same for SA
@article{guided-bp,
  title={Explainability techniques for graph convolutional networks},
  author={Baldassarre, Federico and Azizpour, Hossein},
  journal={arXiv preprint arXiv:1905.13686},
  year={2019}
}

@inproceedings{sundararajan2017axiomatic,
  title={Axiomatic attribution for deep networks},
  author={Sundararajan, Mukund and Taly, Ankur and Yan, Qiqi},
  booktitle={International conference on machine learning},
  pages={3319--3328},
  year={2017},
  organization={PMLR}
}


% Perturbation

@article{ying2019gnnexplainer,
  title={Gnnexplainer: Generating explanations for graph neural networks},
  author={Ying, Zhitao and Bourgeois, Dylan and You, Jiaxuan and Zitnik, Marinka and Leskovec, Jure},
  journal={Advances in neural information processing systems},
  volume={32},
  year={2019}
}


@article{pgexplainer,
  title={Parameterized explainer for graph neural network},
  author={Luo, Dongsheng and Cheng, Wei and Xu, Dongkuan and Yu, Wenchao and Zong, Bo and Chen, Haifeng and Zhang, Xiang},
  journal={Advances in neural information processing systems},
  volume={33},
  pages={19620--19631},
  year={2020}
}

@article{Graph-mask,
  title={Interpreting graph neural networks for nlp with differentiable edge masking},
  author={Schlichtkrull, Michael Sejr and De Cao, Nicola and Titov, Ivan},
  journal={International Conference on Learning Representations},
  year={2021}
}


@inproceedings{subgraphX,
  title={On explainability of graph neural networks via subgraph explorations},
  author={Yuan, Hao and Yu, Haiyang and Wang, Jie and Li, Kang and Ji, Shuiwang},
  booktitle={International Conference on Machine Learning},
  pages={12241--12252},
  year={2021},
  organization={PMLR}
}

@article{PAGElink,
  title={PaGE-Link: Path-based Graph Neural Network Explanation for Heterogeneous Link Prediction},
  author={Zhang, Shichang and Zhang, Jiani and Song, Xiang and Adeshina, Soji and Zheng, Da and Faloutsos, Christos and Sun, Yizhou},
  journal={arXiv preprint arXiv:2302.12465},
  year={2023}
}

@article{zorro,
  title={Z orro: Valid, sparse, and stable explanations in graph neural networks},
  author={Funke, Thorben and Khosla, Megha and Rathee, Mandeep and Anand, Avishek},
  journal={IEEE Transactions on Knowledge and Data Engineering},
  year={2022},
  publisher={IEEE}
}

@article{ReFine,
  title={Towards multi-grained explainability for graph neural networks},
  author={Wang, Xiang and Wu, Yingxin and Zhang, An and He, Xiangnan and Chua, Tat-Seng},
  journal={Advances in Neural Information Processing Systems},
  volume={34},
  pages={18446--18458},
  year={2021}
}

@inproceedings{gstarx,
  title={GStarX: Explaining Graph Neural Networks with Structure-Aware Cooperative Games},
  author={Zhang, Shichang and Liu, Yozen and Shah, Neil and Sun, Yizhou},
  booktitle={Advances in Neural Information Processing Systems},
  year={2022}
}

@article{Shap_val,
  title={A value for n-person games},
  author={Shapley, Lloyd S and others},
  year={1953},
  publisher={Princeton University Press Princeton}
}

@article{HN-val,
  title={Associated consistency, value and graphs},
  author={Hamiache, G{\'e}rard and Navarro, Florian},
  journal={International Journal of Game Theory},
  volume={49},
  pages={227--249},
  year={2020},
  publisher={Springer}
}

@article{concrete-distri,
  title={The concrete distribution: A continuous relaxation of discrete random variables},
  author={Maddison, Chris J and Mnih, Andriy and Teh, Yee Whye},
  journal={arXiv preprint arXiv:1611.00712},
  year={2016}
}


@article{repara-trick,
  title={Categorical reparameterization with gumbel-softmax},
  author={Jang, Eric and Gu, Shixiang and Poole, Ben},
  journal={arXiv preprint arXiv:1611.01144},
  year={2016}
}
% Surrogate

@article{graphlime,
  title={Graphlime: Local interpretable model explanations for graph neural networks},
  author={Huang, Qiang and Yamada, Makoto and Tian, Yuan and Singh, Dinesh and Chang, Yi},
  journal={IEEE Transactions on Knowledge and Data Engineering},
  year={2022},
  publisher={IEEE}
}


@inproceedings{RELex,
  title={Relex: A model-agnostic relational model explainer},
  author={Zhang, Yue and Defazio, David and Ramesh, Arti},
  booktitle={Proceedings of the 2021 AAAI/ACM Conference on AI, Ethics, and Society},
  pages={1042--1049},
  year={2021}
}


@article{pgm-ex,
  title={Pgm-explainer: Probabilistic graphical model explanations for graph neural networks},
  author={Vu, Minh and Thai, My T},
  journal={Advances in neural information processing systems},
  volume={33},
  pages={12225--12235},
  year={2020}
}

@inproceedings{distilexplain,
  title={Distill n’Explain: explaining graph neural networks using simple surrogates},
  author={Pereira, Tamara and Nascimento, Erik and Resck, Lucas E and Mesquita, Diego and Souza, Amauri},
  booktitle={International Conference on Artificial Intelligence and Statistics},
  pages={6199--6214},
  year={2023},
  organization={PMLR}
}

@inproceedings{Simple-GCN,
  title={Simplifying graph convolutional networks},
  author={Wu, Felix and Souza, Amauri and Zhang, Tianyi and Fifty, Christopher and Yu, Tao and Weinberger, Kilian},
  booktitle={International conference on machine learning},
  pages={6861--6871},
  year={2019},
  organization={PMLR}
}

@inproceedings{graphsvx,
  title={Graphsvx: Shapley value explanations for graph neural networks},
  author={Duval, Alexandre and Malliaros, Fragkiskos D},
  booktitle={Machine Learning and Knowledge Discovery in Databases. Research Track: European Conference, ECML PKDD 2021, Bilbao, Spain, September 13--17, 2021, Proceedings, Part II 21},
  pages={302--318},
  year={2021},
  organization={Springer}
}


%generation


@inproceedings{xgnn,
  title={Xgnn: Towards model-level explanations of graph neural networks},
  author={Yuan, Hao and Tang, Jiliang and Hu, Xia and Ji, Shuiwang},
  booktitle={Proceedings of the 26th ACM SIGKDD International Conference on Knowledge Discovery \& Data Mining},
  pages={430--438},
  year={2020}
}



@article{RL-enhanced,
  title={Reinforcement learning enhanced explainer for graph neural networks},
  author={Shan, Caihua and Shen, Yifei and Zhang, Yao and Li, Xiang and Li, Dongsheng},
  journal={Advances in Neural Information Processing Systems},
  volume={34},
  pages={22523--22533},
  year={2021}
}



@inproceedings{Gen-causal,
  title={Generative causal explanations for graph neural networks},
  author={Lin, Wanyu and Lan, Hao and Li, Baochun},
  booktitle={International Conference on Machine Learning},
  pages={6666--6679},
  year={2021},
  organization={PMLR}
}

@article{gnninterpreter,
  title={GNNInterpreter: A Probabilistic Generative Model-Level Explanation for Graph Neural Networks},
  author={Wang, Xiaoqi and Shen, Han-Wei},
  journal={arXiv preprint arXiv:2209.07924},
  year={2022}
}

@article{Gflow,
  title={DAG Matters! GFlowNets Enhanced Explainer For Graph Neural Networks},
  author={Li, Wenqian and Li, Yinchuan and Li, Zhigang and Hao, Jianye and Pang, Yan},
  journal={arXiv preprint arXiv:2303.02448},
  year={2023}
}


@inproceedings{neighborhood-generator,
  title={A Model-Centric Explainer for Graph Neural Network based Node Classification},
  author={Saha, Sayan and Das, Monidipa and Bandyopadhyay, Sanghamitra},
  booktitle={Proceedings of the 31st ACM International Conference on Information \& Knowledge Management},
  pages={4434--4438},
  year={2022}
}

@article{bengio-gflownet,
  title={Gflownet foundations},
  author={Bengio, Yoshua and Lahlou, Salem and Deleu, Tristan and Hu, Edward J and Tiwari, Mo and Bengio, Emmanuel},
  journal={arXiv preprint arXiv:2111.09266},
  year={2021}
}

%Global
@article{global_concept_ex,
  title={Gcexplainer: Human-in-the-loop concept-based explanations for graph neural networks},
  author={Magister, Lucie Charlotte and Kazhdan, Dmitry and Singh, Vikash and Li{\`o}, Pietro},
  journal={arXiv preprint arXiv:2107.11889},
  year={2021}
}
@article{automatic_concept,
  title={Towards automatic concept-based explanations},
  author={Ghorbani, Amirata and Wexler, James and Zou, James Y and Kim, Been},
  journal={Advances in Neural Information Processing Systems},
  volume={32},
  year={2019}
}

@article{Global_neuron,
  title={Global Concept-Based Interpretability for Graph Neural Networks via Neuron Analysis},
  author={Xuanyuan, Han and Barbiero, Pietro and Georgiev, Dobrik and Magister, Lucie Charlotte and Li{\'o}, Pietro},
  journal={arXiv preprint arXiv:2208.10609},
  year={2022}
}

@article{Neuron-compositional,
  title={Compositional explanations of neurons},
  author={Mu, Jesse and Andreas, Jacob},
  journal={Advances in Neural Information Processing Systems},
  volume={33},
  pages={17153--17163},
  year={2020}
}

@article{global_logic,
  title={Global explainability of gnns via logic combination of learned concepts},
  author={Azzolin, Steve and Longa, Antonio and Barbiero, Pietro and Li{\`o}, Pietro and Passerini, Andrea},
  journal={arXiv preprint arXiv:2210.07147},
  year={2022}
}

@article{logic-LEN,
  title={Logic explained networks},
  author={Ciravegna, Gabriele and Barbiero, Pietro and Giannini, Francesco and Gori, Marco and Li{\'o}, Pietro and Maggini, Marco and Melacci, Stefano},
  journal={Artificial Intelligence},
  volume={314},
  pages={103822},
  year={2023},
  publisher={Elsevier}
}

%Causal
@inproceedings{causal-attention,
  title={Causal attention for interpretable and generalizable graph classification},
  author={Sui, Yongduo and Wang, Xiang and Wu, Jiancan and Lin, Min and He, Xiangnan and Chua, Tat-Seng},
  booktitle={Proceedings of the 28th ACM SIGKDD Conference on Knowledge Discovery and Data Mining},
  pages={1696--1705},
  year={2022}
}

@article{causal-debiasing,
  title={Debiasing Graph Neural Networks via Learning Disentangled Causal Substructure},
  author={Fan, Shaohua and Wang, Xiao and Mo, Yanhu and Shi, Chuan and Tang, Jian},
  journal={arXiv preprint arXiv:2209.14107},
  year={2022}
}

@inproceedings{causal-orphicx,
  title={Orphicx: A causality-inspired latent variable model for interpreting graph neural networks},
  author={Lin, Wanyu and Lan, Hao and Wang, Hao and Li, Baochun},
  booktitle={Proceedings of the IEEE/CVF Conference on Computer Vision and Pattern Recognition},
  pages={13729--13738},
  year={2022}
}

@article{causal-reinforced,
  title={Reinforced causal explainer for graph neural networks},
  author={Wang, Xiang and Wu, Yingxin and Zhang, An and Feng, Fuli and He, Xiangnan and Chua, Tat-Seng},
  journal={IEEE Transactions on Pattern Analysis and Machine Intelligence},
  year={2022},
  publisher={IEEE}
}

@book{pearl-causality,
  title={Causality},
  author={Pearl, Judea},
  year={2009},
  publisher={Cambridge university press}
}

%=============== SElf interpretable ============================

@article{not-posthoc,
  title={Please stop explaining black box models for high stakes decisions},
  author={Rudin, Cynthia},
  journal={stat},
  volume={1050},
  pages={26},
  year={2018}
}

% Constraint based - Information constraint


@article{GIB,
  title={Graph information bottleneck for subgraph recognition},
  author={Yu, Junchi and Xu, Tingyang and Rong, Yu and Bian, Yatao and Huang, Junzhou and He, Ran},
  journal={International Conference on Learning Representations},
  year={2021}
}


@inproceedings{VGIB,
  title={Improving subgraph recognition with variational graph information bottleneck},
  author={Yu, Junchi and Cao, Jie and He, Ran},
  booktitle={Proceedings of the IEEE/CVF Conference on Computer Vision and Pattern Recognition},
  pages={19396--19405},
  year={2022}
}


@inproceedings{GSAT,
  title={Interpretable and generalizable graph learning via stochastic attention mechanism},
  author={Miao, Siqi and Liu, Mia and Li, Pan},
  booktitle={International Conference on Machine Learning},
  pages={15524--15543},
  year={2022},
  organization={PMLR}
}

@article{inject-explain,
  title={Interpretable Geometric Deep Learning via Learnable Randomness Injection},
  author={Miao, Siqi and Luo, Yunan and Liu, Mia and Li, Pan},
  journal={arXiv preprint arXiv:2210.16966},
  year={2022}
}

@article{GCI,
  title={GCI: A (G) raph (C) oncept (I) nterpretation Framework},
  author={Kazhdan, Dmitry and Dimanov, Botty and Magister, Lucie Charlotte and Barbiero, Pietro and Jamnik, Mateja and Lio, Pietro},
  journal={arXiv preprint arXiv:2302.04899},
  year={2023}
}

@inproceedings{ib_principle,
  title={Deep learning and the information bottleneck principle},
  author={Tishby, Naftali and Zaslavsky, Noga},
  booktitle={2015 ieee information theory workshop (itw)},
  pages={1--5},
  year={2015},
  organization={IEEE}
}

@article{KL_donsker,
  title={Asymptotic evaluation of certain Markov process expectations for large time, I},
  author={Donsker, Monroe D and Varadhan, SR Srinivasa},
  journal={Communications on Pure and Applied Mathematics},
  volume={28},
  number={1},
  pages={1--47},
  year={1975},
  publisher={Wiley Online Library}
}

%Constraint based - Structure
%this is correct
@inproceedings{SE-GNN,
  title={Towards self-explainable graph neural network},
  author={Dai, Enyan and Wang, Suhang},
  booktitle={Proceedings of the 30th ACM International Conference on Information \& Knowledge Management},
  pages={302--311},
  year={2021}
}

@inproceedings{protgnn,
  title={Protgnn: Towards self-explaining graph neural networks},
  author={Zhang, Zaixi and Liu, Qi and Wang, Hao and Lu, Chengqiang and Lee, Cheekong},
  booktitle={Proceedings of the AAAI Conference on Artificial Intelligence},
  volume={36},
  number={8},
  pages={9127--9135},
  year={2022}
}

@article{prototype-learning,
  title={Cased-based reasoning for medical knowledge-based systems},
  author={Schmidt, Rainer and Montani, Stefania and Bellazzi, Riccardo and Portinale, Luigi and Gierl, Lothar},
  journal={International Journal of Medical Informatics},
  volume={64},
  number={2-3},
  pages={355--367},
  year={2001},
  publisher={Elsevier}
}

@article{monte-carlo,
  title={Mastering the game of go without human knowledge},
  author={Silver, David and Schrittwieser, Julian and Simonyan, Karen and Antonoglou, Ioannis and Huang, Aja and Guez, Arthur and Hubert, Thomas and Baker, Lucas and Lai, Matthew and Bolton, Adrian and others},
  journal={nature},
  volume={550},
  number={7676},
  pages={354--359},
  year={2017},
  publisher={Nature Publishing Group}
}

@article{monte-carlo-survey,
  title={A survey of monte carlo tree search methods},
  author={Browne, Cameron B and Powley, Edward and Whitehouse, Daniel and Lucas, Simon M and Cowling, Peter I and Rohlfshagen, Philipp and Tavener, Stephen and Perez, Diego and Samothrakis, Spyridon and Colton, Simon},
  journal={IEEE Transactions on Computational Intelligence and AI in games},
  volume={4},
  number={1},
  pages={1--43},
  year={2012},
  publisher={IEEE}
}


%this is correct
@article{D_invariant_rationale,
  title={Discovering invariant rationales for graph neural networks},
  author={Wu, Ying-Xin and Wang, Xiang and Zhang, An and He, Xiangnan and Chua, Tat-Seng},
  journal={International Conference on Learning Representations},
  year={2022}
}

@article{non-para-ex,
  title={Explaining Graph Neural Networks via Non-parametric Subgraph Matching},
  author={Wu, Fang and Li, Siyuan and Wu, Lirong and Radev, Dragomir and Jiang, Yinghui and Jin, Xurui and Niu, Zhangming and Li, Stan Z},
  journal={arXiv preprint arXiv:2301.02780},
  year={2023}
}
@article{structuralEx,
  title={Structural Explanations for Graph Neural Networks using HSIC},
  author={Toyokuni, Ayato and Yamada, Makoto},
  journal={arXiv preprint arXiv:2302.02139},
  year={2023}
}


% Parameter based - 
@inproceedings{kergnns,
  title={Kergnns: Interpretable graph neural networks with graph kernels},
  author={Feng, Aosong and You, Chenyu and Wang, Shiqiang and Tassiulas, Leandros},
  booktitle={Proceedings of the AAAI Conference on Artificial Intelligence},
  volume={36},
  number={6},
  pages={6614--6622},
  year={2022}
}

@article{GCAN,
  title={GCAN: Graph-aware co-attention networks for explainable fake news detection on social media},
  author={Lu, Yi-Ju and Li, Cheng-Te},
  journal={Proceedings of the 58th Annual Meeting of the Association for Computational Linguistics},
  year={2020},
  pages = {505--514}
}



% ================ Counter-factual =======================================
% Counterfactual
@inproceedings{cfgnnex,
  title={Cf-gnnexplainer: Counterfactual explanations for graph neural networks},
  author={Lucic, Ana and Ter Hoeve, Maartje A and Tolomei, Gabriele and De Rijke, Maarten and Silvestri, Fabrizio},
  booktitle={International Conference on Artificial Intelligence and Statistics},
  pages={4499--4511},
  year={2022},
  organization={PMLR}
}

@article{robust-counter,
  title={Robust counterfactual explanations on graph neural networks},
  author={Bajaj, Mohit and Chu, Lingyang and Xue, Zi Yu and Pei, Jian and Wang, Lanjun and Lam, Peter Cho-Ho and Zhang, Yong},
  journal={Advances in Neural Information Processing Systems},
  volume={34},
  pages={5644--5655},
  year={2021}
}

@article{agnostic-counter,
  title={Model agnostic generation of counterfactual explanations for molecules},
  author={Wellawatte, Geemi P and Seshadri, Aditi and White, Andrew D},
  journal={Chemical science},
  volume={13},
  number={13},
  pages={3697--3705},
  year={2022},
  publisher={Royal Society of Chemistry}
}

@inproceedings{record-counter,
  title={Counterfactual supporting facts extraction for explainable medical record based diagnosis with graph network},
  author={Wu, Haoran and Chen, Wei and Xu, Shuang and Xu, Bo},
  booktitle={Proceedings of the 2021 Conference of the North American Chapter of the Association for Computational Linguistics: Human Language Technologies},
  pages={1942--1955},
  year={2021}
}

@inproceedings{cf^2-counter,
  title={Learning and evaluating graph neural network explanations based on counterfactual and factual reasoning},
  author={Tan, Juntao and Geng, Shijie and Fu, Zuohui and Ge, Yingqiang and Xu, Shuyuan and Li, Yunqi and Zhang, Yongfeng},
  booktitle={Proceedings of the ACM Web Conference 2022},
  pages={1018--1027},
  year={2022}
}


@inproceedings{meg-counter,
  title={Meg: Generating molecular counterfactual explanations for deep graph networks},
  author={Numeroso, Danilo and Bacciu, Davide},
  booktitle={2021 International Joint Conference on Neural Networks (IJCNN)},
  pages={1--8},
  year={2021},
  organization={IEEE}
}

@inproceedings{MOO-counter,
  title={Multi-objective Explanations of GNN Predictions},
  author={Liu, Yifei and Chen, Chao and Liu, Yazheng and Zhang, Xi and Xie, Sihong},
  booktitle={2021 IEEE International Conference on Data Mining (ICDM)},
  pages={409--418},
  year={2021},
  organization={IEEE}
}

@article{clear-counter,
  title={CLEAR: Generative Counterfactual Explanations on Graphs},
  author={Ma, Jing and Guo, Ruocheng and Mishra, Saumitra and Zhang, Aidong and Li, Jundong},
  journal={arXiv preprint arXiv:2210.08443},
  year={2022}
}

@inproceedings{Global-counter,
  title={Global counterfactual explainer for graph neural networks},
  author={Huang, Zexi and Kosan, Mert and Medya, Sourav and Ranu, Sayan and Singh, Ambuj},
  booktitle={Proceedings of the Sixteenth ACM International Conference on Web Search and Data Mining},
  pages={141--149},
  year={2023}
}

@article{chen2022grease,
  title={GREASE: Generate Factual and Counterfactual Explanations for GNN-based Recommendations},
  author={Chen, Ziheng and Silvestri, Fabrizio and Wang, Jia and Zhang, Yongfeng and Huang, Zhenhua and Ahn, Hongshik and Tolomei, Gabriele},
  journal={arXiv preprint arXiv:2208.04222},
  year={2022}
}

@article{nigam2021beyond,
  title={Beyond generative models: superfast traversal, optimization, novelty, exploration and discovery (STONED) algorithm for molecules using SELFIES},
  author={Nigam, AkshatKumar and Pollice, Robert and Krenn, Mario and dos Passos Gomes, Gabriel and Aspuru-Guzik, Alan},
  journal={Chemical science},
  volume={12},
  number={20},
  pages={7079--7090},
  year={2021},
  publisher={Royal Society of Chemistry}
}

@article{pemantle1992vertex,
  title={Vertex-reinforced random walk},
  author={Pemantle, Robin},
  journal={Probability Theory and Related Fields},
  volume={92},
  number={1},
  pages={117--136},
  year={1992},
  publisher={Springer}
}


% ================ Evaluation =======================================
% Evaluation
@article{yeh2019fidelity,
  title={On the (in) fidelity and sensitivity of explanations},
  author={Yeh, Chih-Kuan and Hsieh, Cheng-Yu and Suggala, Arun and Inouye, David I and Ravikumar, Pradeep K},
  journal={Advances in Neural Information Processing Systems},
  volume={32},
  year={2019}
}

% =============Surveys =================
@article{First-survey,
  title={Explainability in graph neural networks: A taxonomic survey},
  author={Yuan, Hao and Yu, Haiyang and Gui, Shurui and Ji, Shuiwang},
  journal={IEEE Transactions on Pattern Analysis and Machine Intelligence},
  year={2022},
  publisher={IEEE}
}

@article{survey-counter,
  title={Counterfactual Learning on Graphs: A Survey},
  author={Guo, Zhimeng and Xiao, Teng and Aggarwal, Charu and Liu, Hui and Wang, Suhang},
  journal={arXiv preprint arXiv:2304.01391},
  year={2023}
}

@article{survey5-li,
  title={A survey of explainable graph neural networks: Taxonomy and evaluation metrics},
  author={Li, Yiqiao and Zhou, Jianlong and Verma, Sunny and Chen, Fang},
  journal={arXiv preprint arXiv:2207.12599},
  year={2022}
}

@article{survey2-prfe,
  title={A comprehensive survey on trustworthy graph neural networks: Privacy, robustness, fairness, and explainability},
  author={Dai, Enyan and Zhao, Tianxiang and Zhu, Huaisheng and Xu, Junjie and Guo, Zhimeng and Liu, Hui and Tang, Jiliang and Wang, Suhang},
  journal={arXiv preprint arXiv:2204.08570},
  year={2022}
}


@article{survey3-gl,
  title={A survey of trustworthy graph learning: Reliability, explainability, and privacy protection},
  author={Wu, Bingzhe and Li, Jintang and Yu, Junchi and Bian, Yatao and Zhang, Hengtong and Chen, CHaochao and Hou, Chengbin and Fu, Guoji and Chen, Liang and Xu, Tingyang and others},
  journal={arXiv preprint arXiv:2205.10014},
  year={2022}
}

@article{kosan2023robust,
  title={Robust Ante-hoc Graph Explainer using Bilevel Optimization},
  author={Kosan, Mert and Silva, Arlei and Singh, Ambuj},
  journal={arXiv preprint arXiv:2305.15745},
  year={2023}
}