@book{ilyas2019data,
  title={Data Cleaning},
  author={Ilyas, Ihab F and Chu, Xu},
  year={2019},
  publisher={Morgan \& Claypool}
}

@article{fernandez2014we,
  title={{Do we need hundreds of classifiers to solve real world classification problems?}},
  author={Fern{\'a}ndez-Delgado, Manuel and Cernadas, Eva and Barro, Sen{\'e}n and Amorim, Dinani},
  journal={The Journal of Machine Learning Research},
  volume={15},
  number={1},
  year={2014},
  publisher={JMLR. org}
}

@article{batini2009methodologies,
  title={{Methodologies for data quality assessment and improvement}},
  author={Batini, Carlo and Cappiello, Cinzia and Francalanci, Chiara and Maurino, Andrea},
  journal={ACM computing surveys},
  volume={41},
  number={3},
  year={2009},
  publisher={ACM New York, NY, USA}
}

@book{abiteboul1995foundations,
  title={{Foundations of databases}},
  author={{Abiteboul, Serge}},
  volume={8},
  year={1995},
  publisher={Addison-Wesley Reading}
}

@article{suciu2011probabilistic,
  title={Probabilistic databases},
  author={Suciu, Dan and Olteanu, Dan and R{\'e}, Christopher and Koch, Christoph},
  journal={Synthesis Lectures on Data Management},
  volume={3},
  number={2},
  year={2011},
  publisher={Morgan \& Claypool Publishers}
}

@inproceedings{arenas1999consistent,
  title={{Consistent query answers in inconsistent databases}},
  author={Arenas, Marcelo and Bertossi, Leopoldo and Chomicki, Jan},
  booktitle={ACM SIGMOD-SIGACT-SIGART symposium on Principles of database systems},
  year={1999}
}

@article{strong1997data,
  title={Data quality in context},
  author={Strong, Diane M and Lee, Yang W and Wang, Richard Y},
  journal={Communications of the ACM},
  volume={40},
  number={5},
  year={1997},
  publisher={ACM New York, NY, USA}
}

@incollection{vapnik2015uniform,
  title={{On the uniform convergence of relative frequencies of events to their probabilities}},
  author={Vapnik, Vladimir N and Chervonenkis, A Ya},
  booktitle={Measures of Complexity},
  year={2015},
  publisher={Springer}
}

@book{friedman2001elements,
  title={{The Elements of Statistical Learning}},
  author={Friedman, Jerome and Hastie, Trevor and Tibshirani, Robert},
  volume={1},
  year={2001},
  publisher={Springer series in statistics New York}
}

@book{shalev2014understanding,
  title={{Understanding Machine Learning: From Theory to Algorithms}},
  author={Shalev-Shwartz, Shai and Ben-David, Shai},
  year={2014},
  publisher={Cambridge university press}
}

@article{scannapieco2002data,
  title={{Data quality under a computer science perspective}},
  author={Scannapieco, Monica and Catarci, Tiziana},
  journal={Archivi \& Computer},
  volume={2},
  year={2002}
}

@article{widmer1996learning,
  title={Learning in the presence of concept drift and hidden contexts},
  author={Widmer, Gerhard and Kubat, Miroslav},
  journal={Machine learning},
  volume={23},
  number={1},
  year={1996},
  publisher={Springer}
}

@article{tsymbal2004problem,
  title={{The problem of concept drift: definitions and related work}},
  author={Tsymbal, Alexey},
  journal={Computer Science Department, Trinity College Dublin},
  volume={106},
  number={2},
  year={2004},
  publisher={Citeseer}
}

@article{gama2014survey,
  title={{A survey on concept drift adaptation}},
  author={Gama, Jo{\~a}o and {\v{Z}}liobait{\.e}, Indr{\.e} and Bifet, Albert and Pechenizkiy, Mykola and Bouchachia, Abdelhamid},
  journal={ACM Computing Surveys (CSUR)},
  volume={46},
  number={4},
  year={2014},
  publisher={ACM New York, NY, USA}
}

@article{polyzotis2019data,
  title={Data validation for machine learning},
  author={Polyzotis, Neoklis and Zinkevich, Martin and Roy, Sudip and Breck, Eric and Whang, Steven},
  journal={Proceedings of Machine Learning and Systems},
  volume={1},
  year={2019}
}

@inproceedings{ribeiro2020beyond,
  title={Beyond Accuracy: Behavioral Testing of NLP Models with CheckList},
  author={Ribeiro, Marco Tulio and Wu, Tongshuang and Guestrin, Carlos and Singh, Sameer},
  booktitle={Proceedings of the 58th Annual Meeting of the Association for Computational Linguistics},
  month={July},
  year={2020}
}

@article{renggli2019continuous,
  title={{Continuous integration of machine learning models with ease.ml/ci: Towards a rigorous yet practical treatment}},
  author={Renggli, Cedric and Karla{\v{s}}, Bojan and Ding, Bolin and Liu, Feng and Schawinski, Kevin and Wu, Wentao and Zhang, Ce},
  journal={Proceedings of Machine Learning and Systems},
  year={2019}
}

@inproceedings{karlavs2020building,
  title={{Building Continuous Integration Services for Machine Learning}},
  author={Karla{\v{s}}, Bojan and Interlandi, Matteo and Renggli, Cedric and Wu, Wentao and Zhang, Ce and Mukunthu Iyappan Babu, Deepak and Edwards, Jordan and Lauren, Chris and Xu, Andy and Weimer, Markus},
  booktitle={ACM SIGKDD International Conference on Knowledge Discovery \& Data Mining},
  year={2020}
}

@article{karimi2020online,
  title={{Online Active Model Selection for Pre-trained Classifiers}},
  author={Karimi, Mohammad Reza and G{\"u}rel, Nezihe Merve and Karla{\v{s}}, Bojan and Rausch, Johannes and Zhang, Ce and Krause, Andreas},
  journal={arXiv preprint arXiv:2010.09818},
  year={2020}
}

@article{krishnan2017boostclean,
  title={Boostclean: Automated error detection and repair for machine learning},
  author={Krishnan, Sanjay and Franklin, Michael J and Goldberg, Ken and Wu, Eugene},
  journal={arXiv preprint arXiv:1711.01299},
  year={2017}
}

@article{krishnan2016activeclean,
  title={{ActiveClean: Interactive Data Cleaning for Statistical Modeling}},
  author={Krishnan, Sanjay and Wang, Jiannan and Wu, Eugene and Franklin, Michael J and Goldberg, Ken},
  journal={Proceedings of the VLDB Endowment},
  volume={9},
  number={12},
  year={2016},
  publisher={VLDB Endowment}
}

@article{li2019cleanml,
  title={{CleanML: A Benchmark for Joint Data Cleaning and Machine Learning [Experiments and Analysis]}},
  author={Li, Peng and Rao, Xi and Blase, Jennifer and Zhang, Yue and Chu, Xu and Zhang, Ce},
  journal={arXiv preprint arXiv:1904.09483},
  year={2019}
}

@article{renggli2020ease,
  title={{Ease.ml/snoopy in action: Towards automatic feasibility analysis for machine learning application development}},
  author={Renggli, Cedric and Rimanic, Luka and Kolar, Luka and Wu, Wentao and Zhang, Ce},
  journal={Proceedings of the VLDB Endowment},
  volume={13},
  number={12},
  year={2020},
  publisher={VLDB Endowment}
}

@article{renggli2020automatic,
  title={On Automatic Feasibility Study for Machine Learning Application Development with ease.ml/snoopy},
  author={Renggli, Cedric and Rimanic, Luka and Kolar, Luka and Hollenstein, Nora and Wu, Wentao and Zhang, Ce},
  journal={arXiv preprint arXiv:2010.08410},
  year={2020}
}

@article{karlavs2020nearest,
title={{Nearest Neighbor Classifiers over Incomplete Information: From Certain Answers to Certain Predictions}},
author={Karla{\v{s}}, Bojan and Li, Peng and Wu, Renzhi and G{\"u}rel, Nezihe Merve and Chu, Xu and Wu, Wentao and Zhang, Ce},
year = {2021},
journal={Proceedings of the VLDB Endowment},
publisher = {VLDB Endowment},
volume = {14},
number = {3}
}




@article{bishop1995training,
  title={Training with noise is equivalent to Tikhonov regularization},
  author={Bishop, Chris M},
  journal={Neural computation},
  volume={7},
  number={1},
  year={1995},
  publisher={MIT Press}
}

@book{bass2015devops,
  title={{DevOps: A software architect's perspective}},
  author={Bass, Len and Weber, Ingo and Zhu, Liming},
  year={2015},
  publisher={Addison-Wesley Professional}
}

@article{he2019data,
  title={Data Augmentation Revisited: Rethinking the Distribution Gap between Clean and Augmented Data},
  author={He, Zhuoxun and Xie, Lingxi and Chen, Xin and Zhang, Ya and Wang, Yanfeng and Tian, Qi},
  journal={arXiv preprint arXiv:1909.09148},
  year={2019}
}

@article{rimanic2020convergence,
  title={{On Convergence of Nearest Neighbor Classifiers over Feature Transformations}},
  author={Rimanic, Luka and Renggli, Cedric and Li, Bo and Zhang, Ce},
  journal={Advances in Neural Information Processing Systems},
  volume={33},
  year={2020}
}

@inproceedings{blum2015ladder,
  title={{The Ladder: A Reliable Leaderboard for Machine Learning Competitions}},
  author={Blum, Avrim and Hardt, Moritz},
  booktitle={International Conference on Machine Learning},
  year={2015}
}

@article{dwork2015reusable,
  title={{The reusable holdout: Preserving validity in adaptive data analysis}},
  author={Dwork, Cynthia and Feldman, Vitaly and Hardt, Moritz and Pitassi, Toniann and Reingold, Omer and Roth, Aaron},
  journal={Science},
  volume={349},
  number={6248},
  year={2015},
  publisher={American Association for the Advancement of Science}
}

@book{duvall2007continuous,
  title={{Continuous integration: improving software quality and reducing risk}},
  author={Duvall, Paul M and Matyas, Steve and Glover, Andrew},
  year={2007},
  publisher={Pearson Education}
}

@inproceedings{deng2009imagenet,
  title={{ImageNet: A large-scale hierarchical image database}},
  author={Deng, Jia and Dong, Wei and Socher, Richard and Li, Li-Jia and Li, Kai and Fei-Fei, Li},
  booktitle={IEEE Conference on Computer Vision and Pattern Recognition},
  year={2009}
}

@article{krizhevsky2017imagenet,
  title={ImageNet classification with deep convolutional neural networks},
  author={Krizhevsky, Alex and Sutskever, Ilya and Hinton, Geoffrey E},
  journal={Communications of the ACM},
  volume={60},
  number={6},
  year={2017},
  publisher={AcM New York, NY, USA}
}

@article{pham2020meta,
  title={Meta pseudo labels},
  author={Pham, Hieu and Xie, Qizhe and Dai, Zihang and Le, Quoc V},
  journal={arXiv preprint arXiv:2003.10580},
  year={2020}
}

@article{russakovsky2015imagenet,
  title={Imagenet large scale visual recognition challenge},
  author={Russakovsky, Olga and Deng, Jia and Su, Hao and Krause, Jonathan and Satheesh, Sanjeev and Ma, Sean and Huang, Zhiheng and Karpathy, Andrej and Khosla, Aditya and Bernstein, Michael and others},
  journal={International journal of computer vision},
  volume={115},
  number={3},
  year={2015},
  publisher={Springer}
}

@inproceedings{dodge2017study,
  title={A study and comparison of human and deep learning recognition performance under visual distortions},
  author={Dodge, Samuel and Karam, Lina},
  booktitle={International conference on computer communication and networks},
  year={2017},
  organization={IEEE}
}

@inproceedings{geirhos2018generalisation,
  title={Generalisation in humans and deep neural networks},
  author={Geirhos, Robert and Temme, Carlos RM and Rauber, Jonas and Sch{\"u}tt, Heiko H and Bethge, Matthias and Wichmann, Felix A},
  booktitle={Advances in neural information processing systems},
  year={2018}
}

@inproceedings{shankar2020evaluating,
  title={Evaluating machine accuracy on imagenet},
  author={Shankar, Vaishaal and Roelofs, Rebecca and Mania, Horia and Fang, Alex and Recht, Benjamin and Schmidt, Ludwig},
  booktitle={International Conference on Machine Learning},
  year={2020},
  organization={PMLR}
}

@article{re2019overton,
  title={{Overton: A Data System for Monitoring and Improving Machine-Learned Products}},
  author={R{\'e}, Christopher and Niu, Feng and Gudipati, Pallavi and Srisuwananukorn, Charles},
  journal={Conference on Innovative Data Systems Research},
  year={2019}
}

@book{goodfellow2016deep,
  title={Deep learning},
  author={Goodfellow, Ian and Bengio, Yoshua and Courville, Aaron and Bengio, Yoshua},
  volume={1},
  number={2},
  year={2016},
  publisher={MIT press Cambridge}
}

@article{pan2009survey,
  title={A survey on transfer learning},
  author={Pan, Sinno Jialin and Yang, Qiang},
  journal={IEEE Transactions on knowledge and data engineering},
  volume={22},
  number={10},
  year={2009},
  publisher={IEEE}
}

@article{kraska2018northstar,
  title={{Northstar: An interactive data science system}},
  author={Kraska, Tim},
  journal={Proceedings of the VLDB Endowment},
  volume={11},
  number={12},
  year={2018},
  publisher={VLDB Endowment}
}

@article{ratner2017snorkel,
  title={{Snorkel: Rapid training data creation with weak supervision}},
  author={Ratner, Alexander and Bach, Stephen H and Ehrenberg, Henry and Fries, Jason and Wu, Sen and R{\'e}, Christopher},
  journal={Proceedings of the VLDB Endowment},
  publisher={VLDB Endowment},
  volume={11},
  number={3},
  year={2017}
}

@inproceedings{katsiapis2019towards,
  title={{Towards ML Engineering with TensorFlow Extended (TFX)}},
  author={Katsiapis, Konstantinos and Haas, Kevin},
  booktitle={ACM SIGKDD International Conference on Knowledge Discovery \& Data Mining},
  year={2019}
}

@article{aguilar2021ease,
  title={{Ease.ML: A Lifecycle Management System for Machine Learning}},
  author={Aguilar Melgar, Leonel and Dao, David and Gan, Shaoduo and G{\"u}rel, Nezihe M and Hollenstein, Nora and Jiang, Jiawei and Karla{\v{s}}, Bojan and Lemmin, Thomas and Li, Tian and Li, Yang and others},
  journal={Conference on Innovative Data Systems Research},
  year={2021}
}

@article{cover1967nearest,
  title={{Nearest neighbor pattern classification}},
  author={Cover, Thomas and Hart, Peter},
  journal={IEEE transactions on information theory},
  volume={13},
  number={1},
  year={1967},
  publisher={IEEE}
}

@article{fukunaga1987bayes,
  title={{Bayes error estimation using Parzen and k-NN procedures}},
  author={Fukunaga, Keinosuke and Hummels, Donald M},
  journal={IEEE Transactions on Pattern Analysis and Machine Intelligence},
  volume={5},
  year={1987},
  publisher={IEEE}
}

@inproceedings{sekeh2018multi,
  title={{Multi-class Bayes error estimation with a global minimal spanning tree}},
  author={Sekeh, Salimeh Yasaei and Oselio, Brandon and Hero, Alfred O},
  booktitle={Annual Allerton Conference on Communication, Control, and Computing},
  year={2018}
}

@inproceedings{chen2019slice,
  title={Slice-based learning: A programming model for residual learning in critical data slices},
  author={Chen, Vincent and Wu, Sen and Ratner, Alexander J and Weng, Jen and R{\'e}, Christopher},
  booktitle={Advances in neural information processing systems},
  year={2019}
}

@inproceedings{schelter2019differential,
  title={{Differential Data Quality Verification on Partitioned Data}},
  author={Schelter, Sebastian and Grafberger, Stefan and Schmidt, Philipp and Rukat, Tammo and Kiessling, Mario and Taptunov, Andrey and Biessmann, Felix and Lange, Dustin},
  booktitle={IEEE International Conference on Data Engineering},
  year={2019}
}

@article{schelter2018automating,
  title={{Automating large-scale data quality verification}},
  author={Schelter, Sebastian and Lange, Dustin and Schmidt, Philipp and Celikel, Meltem and Biessmann, Felix and Grafberger, Andreas},
  journal={Proceedings of the VLDB Endowment},
  volume={11},
  number={12},
  year={2018},
  publisher={VLDB Endowment}
}

@inproceedings{wu2019errudite,
  title={Errudite: Scalable, reproducible, and testable error analysis},
  author={Wu, Tongshuang and Ribeiro, Marco Tulio and Heer, Jeffrey and Weld, Daniel S},
  booktitle={Association for Computational Linguistics},
  year={2019}
}

@article{schawinski2017generative,
  title={{Generative adversarial networks recover features in astrophysical images of galaxies beyond the deconvolution limit}},
  author={Schawinski, Kevin and Zhang, Ce and Zhang, Hantian and Fowler, Lucas and Santhanam, Gokula Krishnan},
  journal={Monthly Notices of the Royal Astronomical Society: Letters},
  volume={467},
  number={1},
  year={2017},
  publisher={Oxford University Press}
}

@article{su2018generative,
  title={Generative adversarial networks as a tool to recover structural information from cryo-electron microscopy data},
  author={Su, Min and Zhang, Hantian and Schawinski, Kevin and Zhang, Ce and Cianfrocco, Michael A},
  journal={BioRxiv},
  year={2018},
  publisher={Cold Spring Harbor Laboratory}
}

@article{sartori2018model,
  title={{A model for AGN variability on multiple time-scales}},
  author={Sartori, Lia F and Schawinski, Kevin and Trakhtenbrot, Benny and Caplar, Neven and Treister, Ezequiel and Koss, Michael J and Megan Urry, C and Zhang, CE},
  journal={Monthly Notices of the Royal Astronomical Society: Letters},
  volume={476},
  number={1},
  year={2018},
  publisher={Oxford University Press}
}

@article{stark2018psfgan,
  title={{PSFGAN: a generative adversarial network system for separating quasar point sources and host galaxy light}},
  author={Stark, Dominic and Launet, Barthelemy and Schawinski, Kevin and Zhang, Ce and Koss, Michael and Turp, M Dennis and Sartori, Lia F and Zhang, Hantian and Chen, Yiru and Weigel, Anna K},
  journal={Monthly Notices of the Royal Astronomical Society},
  volume={477},
  number={2},
  year={2018},
  publisher={Oxford University Press}
}

@article{ackermann2018using,
  title={{Using transfer learning to detect galaxy mergers}},
  author={Ackermann, Sandro and Schawinski, Kevin and Zhang, Ce and Weigel, Anna K and Turp, M Dennis},
  journal={Monthly Notices of the Royal Astronomical Society},
  volume={479},
  number={1},
  year={2018},
  publisher={Oxford University Press}
}

@article{schawinski2018exploring,
  title={{Exploring galaxy evolution with generative models}},
  author={Schawinski, Kevin and Turp, M Dennis and Zhang, Ce},
  journal={Astronomy \& Astrophysics},
  volume={616},
  year={2018},
  publisher={EDP Sciences}
}

@inproceedings{girardi2018patient,
  title={{Patient Risk Assessment and Warning Symptom Detection Using Deep Attention-Based Neural Networks}},
  author={Girardi, Ivan and Pengfei, Ji and Nguyen, An-phi and Hollenstein, Nora and Ivankay, Adam and Kuhn, Lorenz and Marchiori, Chiara and Zhang, Ce},
  booktitle={International Workshop on Health Text Mining and Information Analysis},
  year={2018}
}

@article{glaser2019radiogan,
  title={{RadioGAN--Translations between different radio surveys with generative adversarial networks}},
  author={Glaser, Nina and Wong, O Ivy and Schawinski, Kevin and Zhang, Ce},
  journal={Monthly Notices of the Royal Astronomical Society},
  volume={487},
  number={3},
  year={2019},
  publisher={Oxford University Press}
}

@inproceedings{beck2019sensing,
  title={{Sensing social media signals for cryptocurrency news}},
  author={Beck, Johannes and Huang, Roberta and Lindner, David and Guo, Tian and Ce, Zhang and Helbing, Dirk and Antulov-Fantulin, Nino},
  booktitle={World Wide Web Conference},
  year={2019}
}

@article{sartori2019forward,
  title={{A Forward Modeling Approach to AGN Variability--Method Description and Early Applications}},
  author={Sartori, Lia F and Trakhtenbrot, Benny and Schawinski, Kevin and Caplar, Neven and Treister, Ezequiel and Zhang, Ce},
  journal={The Astrophysical Journal},
  volume={883},
  number={2},
  year={2019},
  publisher={IOP Publishing}
}

@incollection{alla2021mlops,
  title={{What Is MLOps?}},
  author={Alla, Sridhar and Adari, Suman Kalyan},
  booktitle={Beginning MLOps with MLFlow},
  pages={79--124},
  year={2021},
  publisher={Springer}
}

@techreport{settles2009active,
	title={{Active learning literature survey}},
	author={Settles, Burr},
	year={2009},
	institution={University of Wisconsin-Madison Department of Computer Sciences}
}

@article{shimodaira2000improving,
  title={{Improving predictive inference under covariate shift by weighting the log-likelihood function}},
  author={Shimodaira, Hidetoshi},
  journal={Journal of Statistical Planning and Inference},
  volume={90},
  number={2},
  year={2000},
  publisher={Elsevier}
}

@inproceedings{sugiyama2008direct,
  title={{Direct importance estimation with model selection and its application to covariate shift adaptation}},
  author={Sugiyama, Masashi and Nakajima, Shinichi and Kashima, Hisashi and Buenau, Paul V and Kawanabe, Motoaki},
  booktitle={Advances in Neural Information Processing Systems},
  year={2008}
}

@inproceedings{zhang2013domain,
  title={Domain adaptation under target and conditional shift},
  author={Zhang, Kun and Sch{\"o}lkopf, Bernhard and Muandet, Krikamol and Wang, Zhikun},
  booktitle={International Conference on Machine Learning},
  year={2013}
}

@misc{karpathy2017software2,
  author = {Andrej Karpathy},
  title = {Software 2.0},
  year = 2017,
  howpublished = {\url{https://medium.com/@karpathy/software-2-0-a64152b37c35}},
  urldate = {2017-11-11}
}