@inproceedings{zhang2020aser,
  title={ASER: A large-scale eventuality knowledge graph},
  author={Zhang, Hongming and Liu, Xin and Pan, Haojie and Song, Yangqiu and Leung, Cane Wing-Ki},
  booktitle={Proceedings of the web conference 2020},
  pages={201--211},
  year={2020}
}
@inproceedings{chen2022fuzzy,
  title={Fuzzy logic based logical query answering on knowledge graphs},
  author={Chen, Xuelu and Hu, Ziniu and Sun, Yizhou},
  booktitle={Proceedings of the AAAI Conference on Artificial Intelligence},
  volume={36},
  number={4},
  pages={3939--3948},
  year={2022}
}
@inproceedings{lin2021multi,
  title={Multi-Relational Graph based Heterogeneous Multi-Task Learning in Community Question Answering},
  author={Lin, Zizheng and Ke, Haowen and Wong, Ngo-Yin and Bai, Jiaxin and Song, Yangqiu and Zhao, Huan and Ye, Junpeng},
  booktitle={Proceedings of the 30th ACM International Conference on Information \& Knowledge Management},
  pages={1038--1047},
  year={2021}
}
@inproceedings{wang2021benchmarking,
title={Benchmarking the Combinatorial Generalizability of Complex Query Answering on Knowledge Graphs},
author={Zihao Wang and Hang Yin and Yangqiu Song},
booktitle={NeurIPS Datasets and Benchmarks Track},
year={2021},
url={https://openreview.net/forum?id=pX4x8f6Km5T}
}
@inproceedings{bai-etal-2022-query2particles,
    title = "{Q}uery2{P}articles: Knowledge Graph Reasoning with Particle Embeddings",
    author = "Bai, Jiaxin  and
      Wang, Zihao  and
      Zhang, Hongming  and
      Song, Yangqiu",
    booktitle = "Findings of the Association for Computational Linguistics: NAACL 2022",
    month = jul,
    year = "2022",
    address = "Seattle, United States",
    publisher = "Association for Computational Linguistics",
    url = "https://aclanthology.org/2022.findings-naacl.207",
    doi = "10.18653/v1/2022.findings-naacl.207",
    pages = "2703--2714",
}

@article{li2021kg4vis,
  title={KG4Vis: A knowledge graph-based approach for visualization recommendation},
  author={Li, Haotian and Wang, Yong and Zhang, Songheng and Song, Yangqiu and Qu, Huamin},
  journal={IEEE Transactions on Visualization and Computer Graphics},
  volume={28},
  number={1},
  pages={195--205},
  year={2021},
  publisher={IEEE}
}
@article{le2016fast,
  title={A fast PC algorithm for high dimensional causal discovery with multi-core PCs},
  author={Le, Thuc Duy and Hoang, Tao and Li, Jiuyong and Liu, Lin and Liu, Huawen and Hu, Shu},
  journal={IEEE/ACM transactions on computational biology and bioinformatics},
  volume={16},
  number={5},
  pages={1483--1495},
  year={2016},
  publisher={IEEE}
}
@article{10.1214/ss/1177009870,
author = {John Aldrich},
title = {{Correlations Genuine and Spurious in Pearson and Yule}},
volume = {10},
journal = {Statistical Science},
number = {4},
publisher = {Institute of Mathematical Statistics},
pages = {364 -- 376},
year = {1995},
doi = {10.1214/ss/1177009870},
URL = {https://doi.org/10.1214/ss/1177009870}
}

@inproceedings{tang2020investigating,
  title={Investigating and mitigating degree-related biases in graph convoltuional networks},
  author={Tang, Xianfeng and Yao, Huaxiu and Sun, Yiwei and Wang, Yiqi and Tang, Jiliang and Aggarwal, Charu and Mitra, Prasenjit and Wang, Suhang},
  booktitle={Proceedings of the 29th ACM International Conference on Information \& Knowledge Management},
  pages={1435--1444},
  year={2020}
}
@inproceedings{wu2021self,
  title={Self-supervised graph learning for recommendation},
  author={Wu, Jiancan and Wang, Xiang and Feng, Fuli and He, Xiangnan and Chen, Liang and Lian, Jianxun and Xie, Xing},
  booktitle={Proceedings of the 44th international ACM SIGIR conference on research and development in information retrieval},
  pages={726--735},
  year={2021}
}
@article{sun2011pathsim,
  title={Pathsim: Meta path-based top-k similarity search in heterogeneous information networks},
  author={Sun, Yizhou and Han, Jiawei and Yan, Xifeng and Yu, Philip S and Wu, Tianyi},
  journal={Proceedings of the VLDB Endowment},
  volume={4},
  number={11},
  pages={992--1003},
  year={2011},
  publisher={VLDB Endowment}
}
@article{ji2021survey,
  title={A survey on knowledge graphs: Representation, acquisition, and applications},
  author={Ji, Shaoxiong and Pan, Shirui and Cambria, Erik and Marttinen, Pekka and Philip, S Yu},
  journal={IEEE Transactions on Neural Networks and Learning Systems},
  volume={33},
  number={2},
  pages={494--514},
  year={2021},
  publisher={IEEE}
}
@inproceedings{zheng2018dags,
    author = {Zheng, Xun and Aragam, Bryon and Ravikumar, Pradeep and Xing, Eric P.},
    booktitle = {Advances in Neural Information Processing Systems},
    title = {{DAGs with NO TEARS: Continuous Optimization for Structure Learning}},
    year = {2018}
}
@inproceedings{zheng2020learning,
    author = {Zheng, Xun and Dan, Chen and Aragam, Bryon and Ravikumar, Pradeep and Xing, Eric P.},
    booktitle = {International Conference on Artificial Intelligence and Statistics},
    title = {{Learning sparse nonparametric DAGs}},
    year = {2020}
}
@article{evans2011metaknowledge,
  title={Metaknowledge},
  author={Evans, James A and Foster, Jacob G},
  journal={Science},
  year={2011},
  publisher={American Association for the Advancement of Science}
}
@article{himmelstein2017systematic,
  title={Systematic integration of biomedical knowledge prioritizes drugs for repurposing},
  author={Himmelstein, Daniel Scott and Lizee, Antoine and Hessler, Christine and Brueggeman, Leo and Chen, Sabrina L and Hadley, Dexter and Green, Ari and Khankhanian, Pouya and Baranzini, Sergio E},
  journal={Elife},
  volume={6},
  pages={e26726},
  year={2017},
  publisher={eLife Sciences Publications Limited}
}
@inproceedings{park2020calibrated,
  title={Calibrated prediction with covariate shift via unsupervised domain adaptation},
  author={Park, Sangdon and Bastani, Osbert and Weimer, James and Lee, Insup},
  booktitle={International Conference on Artificial Intelligence and Statistics},
  pages={3219--3229},
  year={2020},
  organization={PMLR}
}
@inproceedings{abdollahpouri2020connection,
  title={The connection between popularity bias, calibration, and fairness in recommendation},
  author={Abdollahpouri, Himan and Mansoury, Masoud and Burke, Robin and Mobasher, Bamshad},
  booktitle={Fourteenth ACM conference on recommender systems},
  pages={726--731},
  year={2020}
}
@inproceedings{abdollahpouri2020connection,
  title={The connection between popularity bias, calibration, and fairness in recommendation},
  author={Abdollahpouri, Himan and Mansoury, Masoud and Burke, Robin and Mobasher, Bamshad},
  booktitle={Fourteenth ACM conference on recommender systems},
  pages={726--731},
  year={2020}
}
@inproceedings{abellan2006some,
  title={Some Variations on the PC Algorithm.},
  author={Abell{\'a}n, Joaqu{\'\i}n and G{\'o}mez-Olmedo, Manuel and Moral, Seraf{\'\i}n and others},
  booktitle={Probabilistic Graphical Models},
  pages={1--8},
  year={2006},
  organization={Citeseer}
}
@article{gerhardus2020high,
  title={High-recall causal discovery for autocorrelated time series with latent confounders},
  author={Gerhardus, Andreas and Runge, Jakob},
  journal={Advances in Neural Information Processing Systems},
  volume={33},
  pages={12615--12625},
  year={2020}
}
@article{sondhi2019reduced,
  title={The Reduced PC-Algorithm: Improved Causal Structure Learning in Large Random Networks.},
  author={Sondhi, Arjun and Shojaie, Ali},
  journal={J. Mach. Learn. Res.},
  volume={20},
  number={164},
  pages={1--31},
  year={2019}
}
@inproceedings{giudice2022dual,
  title={The Dual PC Algorithm for Structure Learning},
  author={Giudice, Enrico and Kuipers, Jack and Moffa, Giusi},
  booktitle={International Conference on Probabilistic Graphical Models},
  pages={301--312},
  year={2022},
  organization={PMLR}
}
@book{glymour2016causal,
  title={Causal inference in statistics: A primer},
  author={Glymour, Madelyn and Pearl, Judea and Jewell, Nicholas P},
  year={2016},
  publisher={John Wiley \& Sons}
}
@article{bordes2013translating,
  title={Translating embeddings for modeling multi-relational data},
  author={Bordes, Antoine and Usunier, Nicolas and Garcia-Duran, Alberto and Weston, Jason and Yakhnenko, Oksana},
  journal={Advances in neural information processing systems},
  volume={26},
  year={2013}
}
@article{zhu2020knowledge,
  title={Knowledge-driven drug repurposing using a comprehensive drug knowledge graph},
  author={Zhu, Yongjun and Che, Chao and Jin, Bo and Zhang, Ningrui and Su, Chang and Wang, Fei},
  journal={Health Informatics Journal},
  volume={26},
  number={4},
  pages={2737--2750},
  year={2020},
  publisher={SAGE Publications Sage UK: London, England}
}
@inproceedings{balazevic2019tucker,
title={TuckER: Tensor Factorization for Knowledge Graph Completion},
author={Bala\v{z}evi\'c, Ivana and Allen, Carl and Hospedales, Timothy M},
booktitle={Empirical Methods in Natural Language Processing},
year={2019}
}
@inproceedings{huang2016meta,
  title={Meta structure: Computing relevance in large heterogeneous information networks},
  author={Huang, Zhipeng and Zheng, Yudian and Cheng, Reynold and Sun, Yizhou and Mamoulis, Nikos and Li, Xiang},
  booktitle={Proceedings of the 22nd ACM SIGKDD International conference on knowledge discovery and data mining},
  pages={1595--1604},
  year={2016}
}
@article{sadeghian2019drum,
  title={Drum: End-to-end differentiable rule mining on knowledge graphs},
  author={Sadeghian, Ali and Armandpour, Mohammadreza and Ding, Patrick and Wang, Daisy Zhe},
  journal={Advances in Neural Information Processing Systems},
  volume={32},
  year={2019}
}
@article{yang2017differentiable,
  title={Differentiable learning of logical rules for knowledge base reasoning},
  author={Yang, Fan and Yang, Zhilin and Cohen, William W},
  journal={Advances in neural information processing systems},
  volume={30},
  year={2017}
}
@inproceedings{zhang2020learning,
  title={Learning hierarchy-aware knowledge graph embeddings for link prediction},
  author={Zhang, Zhanqiu and Cai, Jianyu and Zhang, Yongdong and Wang, Jie},
  booktitle={Proceedings of the AAAI Conference on Artificial Intelligence},
  volume={34},
  number={03},
  pages={3065--3072},
  year={2020}
}
@inproceedings{rosso2020beyond,
  title={Beyond triplets: hyper-relational knowledge graph embedding for link prediction},
  author={Rosso, Paolo and Yang, Dingqi and Cudr{\'e}-Mauroux, Philippe},
  booktitle={Proceedings of The Web Conference 2020},
  pages={1885--1896},
  year={2020}
}
@article{rossi2021knowledge,
  title={Knowledge graph embedding for link prediction: A comparative analysis},
  author={Rossi, Andrea and Barbosa, Denilson and Firmani, Donatella and Matinata, Antonio and Merialdo, Paolo},
  journal={ACM Transactions on Knowledge Discovery from Data (TKDD)},
  volume={15},
  number={2},
  pages={1--49},
  year={2021},
  publisher={ACM New York, NY, USA}
}
@article{al2021knowledge,
  title={Knowledge graph-based approaches to drug repurposing for COVID-19},
  author={Al-Saleem, Jacob and Granet, Roger and Ramakrishnan, Srinivasan and Ciancetta, Natalie A and Saveson, Catherine and Gessner, Chris and Zhou, Qiongqiong},
  journal={Journal of chemical information and modeling},
  volume={61},
  number={8},
  pages={4058--4067},
  year={2021},
  publisher={ACS Publications}
}
@article{nayyeri2021trans4e,
  title={Trans4E: Link prediction on scholarly knowledge graphs},
  author={Nayyeri, Mojtaba and Cil, Gokce Muge and Vahdati, Sahar and Osborne, Francesco and Rahman, Mahfuzur and Angioni, Simone and Salatino, Angelo and Recupero, Diego Reforgiato and Vassilyeva, Nadezhda and Motta, Enrico and others},
  journal={Neurocomputing},
  volume={461},
  pages={530--542},
  year={2021},
  publisher={Elsevier}
}
@article{guo2020survey,
  title={A survey on knowledge graph-based recommender systems},
  author={Guo, Qingyu and Zhuang, Fuzhen and Qin, Chuan and Zhu, Hengshu and Xie, Xing and Xiong, Hui and He, Qing},
  journal={IEEE Transactions on Knowledge and Data Engineering},
  year={2020},
  publisher={IEEE}
}
@inproceedings{tiwari2021revisiting,
  title={Revisiting the evaluation protocol of knowledge graph completion methods for link prediction},
  author={Tiwari, Sudhanshu and Bansal, Iti and Rivero, Carlos R},
  booktitle={Proceedings of the Web Conference 2021},
  pages={809--820},
  year={2021}
}
@article{rossi2021knowledge,
  title={Knowledge graph embedding for link prediction: A comparative analysis},
  author={Rossi, Andrea and Barbosa, Denilson and Firmani, Donatella and Matinata, Antonio and Merialdo, Paolo},
  journal={ACM Transactions on Knowledge Discovery from Data (TKDD)},
  volume={15},
  number={2},
  pages={1--49},
  year={2021},
  publisher={ACM New York, NY, USA}
}
@inproceedings{maier2013sound,
  title={A Sound and Complete Algorithm for Learning Causal Models from Relational Data},
  author={Maier, Marc and Marazopoulou, Katerina and Arbour, David and Jensen, David},
  booktitle={Uncertainty in Artificial Intelligence},
  pages={371},
  year={2013},
  organization={Citeseer}
}
@inproceedings{qu2020rnnlogic,
  title={RNNLogic: Learning Logic Rules for Reasoning on Knowledge Graphs},
  author={Qu, Meng and Chen, Junkun and Xhonneux, Louis-Pascal and Bengio, Yoshua and Tang, Jian},
  booktitle={International Conference on Learning Representations},
  year={2021}
}
@inproceedings{salimi2020causal,
  title={Causal relational learning},
  author={Salimi, Babak and Parikh, Harsh and Kayali, Moe and Getoor, Lise and Roy, Sudeepa and Suciu, Dan},
  booktitle={Proceedings of the 2020 ACM SIGMOD International Conference on Management of Data},
  year={2020}
}
@inproceedings{lee2016learning,
  title={On learning causal models from relational data},
  author={Lee, Sanghack and Honavar, Vasant},
  booktitle={Thirtieth AAAI Conference on Artificial Intelligence},
  year={2016}
}
@inproceedings{lee2020towards,
  title={Towards robust relational causal discovery},
  author={Lee, Sanghack and Honavar, Vasant},
  booktitle={Uncertainty in Artificial Intelligence},
  year={2020},
  organization={PMLR}
}
@inproceedings{maier2010learning,
  title={Learning causal models of relational domains},
  author={Maier, Marc and Taylor, Brian and Oktay, Huseyin and Jensen, David},
  booktitle={Proceedings of the AAAI Conference on Artificial Intelligence},
  year={2010}
}
@inproceedings{wang2019multi,
  title={Multi-task feature learning for knowledge graph enhanced recommendation},
  author={Wang, Hongwei and Zhang, Fuzheng and Zhao, Miao and Li, Wenjie and Xie, Xing and Guo, Minyi},
  booktitle={The World Wide Web Conference},
  year={2019}
}
@inproceedings{wang2019kgat,
  title={Kgat: Knowledge graph attention network for recommendation},
  author={Wang, Xiang and He, Xiangnan and Cao, Yixin and Liu, Meng and Chua, Tat-Seng},
  booktitle={Proceedings of the 25th ACM SIGKDD International Conference on Knowledge Discovery \& Data Mining},
  year={2019}
}
@inproceedings{marx2019testing,
  title={Testing conditional independence on discrete data using stochastic complexity},
  author={Marx, Alexander and Vreeken, Jilles},
  booktitle={The 22nd International Conference on Artificial Intelligence and Statistics},
  year={2019},
}
@inproceedings{heusner2018best,
  title={Best-case and worst-case behavior of greedy best-first search},
  author={Heusner, Manuel and Keller, Thomas and Helmert, Malte},
  year={2018},
  organization={International Joint Conferences on Artificial Intelligence}
}
@article{cui2011based,
  title={A*-based pathfinding in modern computer games},
  author={Cui, Xiao and Shi, Hao},
  journal={International Journal of Computer Science and Network Security},
  year={2011},
  publisher={International Journal of Computer Science and Network Security (IJCSNS)}
}
@inproceedings{lanning2014dijkstra,
  title={Dijkstra's algorithm and Google maps},
  author={Lanning, Daniel R and Harrell, Gregory K and Wang, Jin},
  booktitle={Proceedings of the 2014 ACM Southeast Regional Conference},
  year={2014}
}
@article{fortunato2018science,
  title={Science of science},
  author={Fortunato, Santo and Bergstrom, Carl T and B{\"o}rner, Katy and Evans, James A and Helbing, Dirk and Milojevi{\'c}, Sta{\v{s}}a and Petersen, Alexander M and Radicchi, Filippo and Sinatra, Roberta and Uzzi, Brian and others},
  journal={Science},
  year={2018},
}
@book{burgin2016theory,
  title={Theory of knowledge: structures and processes},
  author={Burgin, Mark},
  volume={5},
  year={2016},
  publisher={World scientific}
}
@article{evans2011metaknowledge,
  title={Metaknowledge},
  author={Evans, James A and Foster, Jacob G},
  journal={Science},
  year={2011},
  publisher={American Association for the Advancement of Science}
}
@article{pearl2010causal,
  title={Causal inference},
  author={Pearl, Judea},
  journal={Causality: Objectives and Assessment},
  pages={39--58},
  year={2010},
  publisher={PMLR}
}
@incollection{imbens2010rubin,
  title={Rubin causal model},
  author={Imbens, Guido W and Rubin, Donald B},
  booktitle={Microeconometrics},
  pages={229--241},
  year={2010},
  publisher={Springer}
}
@article{wu2020comprehensive,
  title={A comprehensive survey on graph neural networks},
  author={Wu, Zonghan and Pan, Shirui and Chen, Fengwen and Long, Guodong and Zhang, Chengqi and Philip, S Yu},
  journal={IEEE transactions on neural networks and learning systems},
  volume={32},
  number={1},
  pages={4--24},
  year={2020},
  publisher={IEEE}
}
@InProceedings{yang2015embedding,
author = {Yang, Bishan and Yih, Scott Wen-tau and He, Xiaodong and Gao, Jianfeng and Deng, Li},
title = {Embedding Entities and Relations for Learning and Inference in Knowledge Bases},
booktitle = {Proceedings of the International Conference on Learning Representations (ICLR) 2015},
year = {2015},
month = {May},
edition = {Proceedings of the International Conference on Learning Representations (ICLR) 2015},
}
@article{yang2014embedding,
  title={Embedding entities and relations for learning and inference in knowledge bases},
  author={Yang, Bishan and Yih, Wen-tau and He, Xiaodong and Gao, Jianfeng and Deng, Li},
  journal={arXiv preprint arXiv:1412.6575},
  year={2014}
}

@article{bordes2013translating,
  title={Translating embeddings for modeling multi-relational data},
  author={Bordes, Antoine and Usunier, Nicolas and Garcia-Duran, Alberto and Weston, Jason and Yakhnenko, Oksana},
  journal={Advances in neural information processing systems},
  volume={26},
  year={2013}
}

@article{glymour2019review,
  title={Review of causal discovery methods based on graphical models},
  author={Glymour, Clark and Zhang, Kun and Spirtes, Peter},
  journal={Frontiers in genetics},
  volume={10},
  pages={524},
  year={2019},
  publisher={Frontiers}
}
@article{tsagris2019bayesian,
  title={Bayesian network learning with the PC algorithm: an improved and correct variation},
  author={Tsagris, Michail},
  journal={Applied Artificial Intelligence},
  volume={33},
  number={2},
  pages={101--123},
  year={2019},
  publisher={Taylor \& Francis}
}
@book{spirtes2000causation,
  title={Causation, prediction, and search},
  author={Spirtes, Peter and Glymour, Clark N and Scheines, Richard and Heckerman, David},
  year={2000},
  publisher={MIT press}
}
@inproceedings{tanon2017completeness,
  title={Completeness-aware rule learning from knowledge graphs},
  author={Tanon, Thomas Pellissier and Stepanova, Daria and Razniewski, Simon and Mirza, Paramita and Weikum, Gerhard},
  booktitle={International Semantic Web Conference},
  pages={507--525},
  year={2017},
  organization={Springer}
}
@inproceedings{ho2018rule,
  title={Rule learning from knowledge graphs guided by embedding models},
  author={Ho, Vinh Thinh and Stepanova, Daria and Gad-Elrab, Mohamed H and Kharlamov, Evgeny and Weikum, Gerhard},
  booktitle={International Semantic Web Conference},
  pages={72--90},
  year={2018},
  organization={Springer}
}
@inproceedings{gad2016exception,
  title={Exception-enriched rule learning from knowledge graphs},
  author={Gad-Elrab, Mohamed H and Stepanova, Daria and Urbani, Jacopo and Weikum, Gerhard},
  booktitle={International Semantic Web Conference},
  pages={234--251},
  year={2016},
  organization={Springer}
}
@article{hogan2021knowledge,
  title={Knowledge graphs},
  author={Hogan, Aidan and Blomqvist, Eva and Cochez, Michael and d'Amato, Claudia and Melo, Gerard de and Gutierrez, Claudio and Kirrane, Sabrina and Gayo, Jos{\'e} Emilio Labra and Navigli, Roberto and Neumaier, Sebastian and others},
  journal={Synthesis Lectures on Data, Semantics, and Knowledge},
  volume={12},
  number={2},
  pages={1--257},
  year={2021},
  publisher={Morgan \& Claypool Publishers}
}
@article{omran2019embedding,
  title={An embedding-based approach to rule learning in knowledge graphs},
  author={Omran, Pouya Ghiasnezhad and Wang, Kewen and Wang, Zhe},
  journal={IEEE Transactions on Knowledge and Data Engineering},
  year={2019},
  publisher={IEEE}
}
@article{galarraga2015fast,
  title={Fast rule mining in ontological knowledge bases with AMIE},
  author={Gal{\'a}rraga, Luis and Teflioudi, Christina and Hose, Katja and Suchanek, Fabian M},
  journal={The VLDB Journal},
  volume={24},
  number={6},
  pages={707--730},
  year={2015},
  publisher={Springer}
}
@inproceedings{galarraga2013amie,
  title={AMIE: association rule mining under incomplete evidence in ontological knowledge bases},
  author={Gal{\'a}rraga, Luis Antonio and Teflioudi, Christina and Hose, Katja and Suchanek, Fabian},
  booktitle={Proceedings of the 22nd international conference on World Wide Web},
  pages={413--422},
  year={2013}
}
@inproceedings{kok2007statistical,
  title={Statistical predicate invention},
  author={Kok, Stanley and Domingos, Pedro},
  booktitle={Proceedings of the 24th international conference on Machine learning},
  pages={433--440},
  year={2007}
}


@inproceedings{yang2017differentiable,
  title={Differentiable learning of logical rules for knowledge base reasoning},
  author={Yang, Fan and Yang, Zhilin and Cohen, William W},
  booktitle={Proceedings of the 31st International Conference on Neural Information Processing Systems},
  pages={2316--2325},
  year={2017}
}

@article{sadeghian2019drum,
  title={DRUM: End-To-End Differentiable Rule Mining On Knowledge Graphs},
  author={Sadeghian, Ali and Armandpour, Mohammadreza and Ding, Patrick and Wang, Daisy Zhe},
  journal={Advances in Neural Information Processing Systems},
  volume={32},
  pages={15347--15357},
  year={2019}
}

@article{rocktaschel_end--end_nodate,
	title = {End-to-end Differentiable Proving},
	pages = {13},
	author = {Rocktäschel, Tim and Riedel, Sebastian},
	langid = {english},
}

@incollection{blomqvist_evolutionary_2016,
	location = {Cham},
	title = {Evolutionary Discovery of Multi-relational Association Rules from Ontological Knowledge Bases},
	volume = {10024},
	isbn = {978-3-319-49003-8 978-3-319-49004-5},
	url = {http://link.springer.com/10.1007/978-3-319-49004-5_8},
	pages = {113--128},
	booktitle = {Knowledge Engineering and Knowledge Management},
	publisher = {Springer International Publishing},
	author = {d'Amato, Claudia and Tettamanzi, Andrea G. B. and Minh, Tran Duc},
	editor = {Blomqvist, Eva and Ciancarini, Paolo and Poggi, Francesco and Vitali, Fabio},
	urldate = {2021-08-31},
	date = {2016},
	langid = {english},
	doi = {10.1007/978-3-319-49004-5_8},
	note = {Series Title: Lecture Notes in Computer Science},
}

@inproceedings{damato_ontology_2016,
	location = {Pisa Italy},
	title = {Ontology enrichment by discovering multi-relational association rules from ontological knowledge bases},
	isbn = {978-1-4503-3739-7},
	url = {https://dl.acm.org/doi/10.1145/2851613.2851842},
	doi = {10.1145/2851613.2851842},
	eventtitle = {{SAC} 2016: Symposium on Applied Computing},
	pages = {333--338},
	booktitle = {Proceedings of the 31st Annual {ACM} Symposium on Applied Computing},
	publisher = {{ACM}},
	author = {d'Amato, Claudia and Staab, Steffen and Tettamanzi, Andrea G. B. and Minh, Tran Duc and Gandon, Fabien},
	urldate = {2021-08-31},
	date = {2016-04-04},
	langid = {english},
}

@article{tanon_completeness-aware_nodate,
	title = {Completeness-aware Rule Learning from Knowledge Graphs},
	pages = {16},
	author = {Tanon, Thomas Pellissier and Stepanova, Daria and Razniewski, Simon and Mirza, Paramita and Weikum, Gerhard},
	langid = {english},
}

@incollection{groth_exception-enriched_2016,
	location = {Cham},
	title = {Exception-Enriched Rule Learning from Knowledge Graphs},
	volume = {9981},
	isbn = {978-3-319-46522-7 978-3-319-46523-4},
	url = {http://link.springer.com/10.1007/978-3-319-46523-4_15},
	pages = {234--251},
	booktitle = {The Semantic Web – {ISWC} 2016},
	publisher = {Springer International Publishing},
	author = {Gad-Elrab, Mohamed H. and Stepanova, Daria and Urbani, Jacopo and Weikum, Gerhard},
	urldate = {2021-08-31},
	date = {2016},
	langid = {english},
	doi = {10.1007/978-3-319-46523-4_15},
	note = {Series Title: Lecture Notes in Computer Science},
}

@article{galarraga_fast_2015,
	title = {Fast rule mining in ontological knowledge bases with {AMIE} \$\$+\$\$ +},
	volume = {24},
	issn = {1066-8888, 0949-877X},
	url = {http://link.springer.com/10.1007/s00778-015-0394-1},
	doi = {10.1007/s00778-015-0394-1},
	pages = {707--730},
	number = {6},
	journaltitle = {The {VLDB} Journal},
	shortjournal = {The {VLDB} Journal},
	author = {Galárraga, Luis and Teflioudi, Christina and Hose, Katja and Suchanek, Fabian M.},
	urldate = {2021-08-31},
	date = {2015-12},
	langid = {english},
}

@inproceedings{galarraga_amie_2013,
	location = {Rio de Janeiro, Brazil},
	title = {{AMIE}: association rule mining under incomplete evidence in ontological knowledge bases},
	isbn = {978-1-4503-2035-1},
	url = {http://dl.acm.org/citation.cfm?doid=2488388.2488425},
	doi = {10.1145/2488388.2488425},
	shorttitle = {{AMIE}},
	eventtitle = {the 22nd international conference},
	pages = {413--422},
	booktitle = {Proceedings of the 22nd international conference on World Wide Web - {WWW} '13},
	publisher = {{ACM} Press},
	author = {Galárraga, Luis Antonio and Teflioudi, Christina and Hose, Katja and Suchanek, Fabian},
	urldate = {2021-08-31},
	date = {2013},
	langid = {english},
}

@incollection{krotzsch_knowledge_2019,
	location = {Cham},
	title = {Knowledge Representation and Rule Mining in Entity-Centric Knowledge Bases},
	volume = {11810},
	isbn = {978-3-030-31422-4 978-3-030-31423-1},
	url = {http://link.springer.com/10.1007/978-3-030-31423-1_4},
	pages = {110--152},
	booktitle = {Reasoning Web. Explainable Artificial Intelligence},
	publisher = {Springer International Publishing},
	author = {Suchanek, Fabian M. and Lajus, Jonathan and Boschin, Armand and Weikum, Gerhard},
	editor = {Krötzsch, Markus and Stepanova, Daria},
	urldate = {2021-08-31},
	date = {2019},
	langid = {english},
	doi = {10.1007/978-3-030-31423-1_4},
	note = {Series Title: Lecture Notes in Computer Science},
}

@incollection{vrandecic_rule_2018,
	location = {Cham},
	title = {Rule Learning from Knowledge Graphs Guided by Embedding Models},
	volume = {11136},
	isbn = {978-3-030-00670-9 978-3-030-00671-6},
	url = {http://link.springer.com/10.1007/978-3-030-00671-6_5},
	pages = {72--90},
	booktitle = {The Semantic Web – {ISWC} 2018},
	publisher = {Springer International Publishing},
	author = {Ho, Vinh Thinh and Stepanova, Daria and Gad-Elrab, Mohamed H. and Kharlamov, Evgeny and Weikum, Gerhard},
	urldate = {2021-09-22},
	date = {2018},
	langid = {english},
	doi = {10.1007/978-3-030-00671-6_5},
	note = {Series Title: Lecture Notes in Computer Science},
}
@inproceedings{meilicke2019anytime,
  title={Anytime Bottom-Up Rule Learning for Knowledge Graph Completion.},
  author={Meilicke, Christian and Chekol, Melisachew Wudage and Ruffinelli, Daniel and Stuckenschmidt, Heiner},
  booktitle={IJCAI},
  pages={3137--3143},
  year={2019}
}
@article{wang_rdf2rules_2015,
	title = {{RDF}2Rules: Learning Rules from {RDF} Knowledge Bases by Mining Frequent Predicate Cycles},
	url = {http://arxiv.org/abs/1512.07734},
	shorttitle = {{RDF}2Rules},
	journaltitle = {{arXiv}:1512.07734 [cs]},
	author = {Wang, Zhichun and Li, Juanzi},
	urldate = {2021-09-22},
	date = {2015-12-24},
	langid = {english},
	eprinttype = {arxiv},
	eprint = {1512.07734},
	keywords = {Computer Science - Artificial Intelligence, Computer Science - Databases},
}

@article{omran2019embedding,
  title={An embedding-based approach to rule learning in knowledge graphs},
  author={Omran, Pouya Ghiasnezhad and Wang, Kewen and Wang, Zhe},
  journal={IEEE Transactions on Knowledge and Data Engineering},
  year={2019},
  publisher={IEEE}
}

@article{mazumder_context-aware_2017,
	title = {Context-aware Path Ranking for Knowledge Base Completion},
	url = {http://arxiv.org/abs/1712.07745},
	doi = {10.24963/ijcai.2017/166},
	pages = {1195--1201},
	journaltitle = {Proceedings of the Twenty-Sixth International Joint Conference on Artificial Intelligence},
	author = {Mazumder, Sahisnu and Liu, Bing},
	urldate = {2021-10-25},
	date = {2017-08},
	langid = {english},
	eprinttype = {arxiv},
	eprint = {1712.07745},
	keywords = {Computer Science - Artificial Intelligence, Computer Science - Computation and Language},
}

@inproceedings{lao_learning_2015,
	location = {Beijing, China},
	title = {Learning Relational Features with Backward Random Walks},
	url = {http://aclweb.org/anthology/P15-1065},
	doi = {10.3115/v1/P15-1065},
	pages = {666--675},
	booktitle = {Proceedings of the 53rd Annual Meeting of the Association for Computational Linguistics and the 7th International Joint Conference on Natural Language Processing (Volume 1: Long Papers)},
	publisher = {Association for Computational Linguistics},
	author = {Lao, Ni and Minkov, Einat and Cohen, William},
	urldate = {2021-10-25},
	date = {2015},
	langid = {english},
}

@inproceedings{lao_fast_2010,
	location = {Washington, {DC}, {USA}},
	title = {Fast query execution for retrieval models based on path-constrained random walks},
	isbn = {978-1-4503-0055-1},
	url = {http://dl.acm.org/citation.cfm?doid=1835804.1835916},
	doi = {10.1145/1835804.1835916},
	eventtitle = {the 16th {ACM} {SIGKDD} international conference},
	pages = {881},
	booktitle = {Proceedings of the 16th {ACM} {SIGKDD} international conference on Knowledge discovery and data mining - {KDD} '10},
	publisher = {{ACM} Press},
	author = {Lao, Ni and Cohen, William W.},
	urldate = {2021-10-25},
	date = {2010},
	langid = {english},
}

@article{ruffinelli2020you,
  title={You can teach an old dog new tricks! on training knowledge graph embeddings},
  author={Ruffinelli, Daniel and Broscheit, Samuel and Gemulla, Rainer},
  year={2020},
  publisher={ICLR}
}

@article{rossi2021knowledge,
  title={Knowledge graph embedding for link prediction: A comparative analysis},
  author={Rossi, Andrea and Barbosa, Denilson and Firmani, Donatella and Matinata, Antonio and Merialdo, Paolo},
  journal={ACM Transactions on Knowledge Discovery from Data (TKDD)},
  volume={15},
  number={2},
  pages={1--49},
  year={2021},
  publisher={ACM New York, NY, USA}
}

@article{ratajczak2022task,
  title={Task-driven knowledge graph filtering improves prioritizing drugs for repurposing},
  author={Ratajczak, Florin and Joblin, Mitchell and Ringsquandl, Martin and Hildebrandt, Marcel},
  journal={BMC bioinformatics},
  volume={23},
  number={1},
  pages={1--19},
  year={2022},
  publisher={Springer}
}

@article{himmelstein2017systematic,
  title={Systematic integration of biomedical knowledge prioritizes drugs for repurposing},
  author={Himmelstein, Daniel Scott and Lizee, Antoine and Hessler, Christine and Brueggeman, Leo and Chen, Sabrina L and Hadley, Dexter and Green, Ari and Khankhanian, Pouya and Baranzini, Sergio E},
  journal={Elife},
  volume={6},
  pages={e26726},
  year={2017},
  publisher={eLife Sciences Publications Limited}
}

@inproceedings{lee2016learning,
  title={On learning causal models from relational data},
  author={Lee, Sanghack and Honavar, Vasant},
  booktitle={Thirtieth AAAI Conference on Artificial Intelligence},
  year={2016}
}

@article{zheng2018dags,
  title={Dags with no tears: Continuous optimization for structure learning},
  author={Zheng, Xun and Aragam, Bryon and Ravikumar, Pradeep K and Xing, Eric P},
  journal={Advances in Neural Information Processing Systems},
  volume={31},
  year={2018}
}

@incollection{Bengio+chapter2007,
author = {Bengio, Yoshua and LeCun, Yann},
booktitle = {Large Scale Kernel Machines},
publisher = {MIT Press},
title = {Scaling Learning Algorithms Towards {AI}},
year = {2007}
}

@article{Hinton06,
author = {Hinton, Geoffrey E. and Osindero, Simon and Teh, Yee Whye},
journal = {Neural Computation},
pages = {1527--1554},
title = {A Fast Learning Algorithm for Deep Belief Nets},
volume = {18},
year = {2006}
}

@book{goodfellow2016deep,
title={Deep learning},
author={Goodfellow, Ian and Bengio, Yoshua and Courville, Aaron and Bengio, Yoshua},
volume={1},
year={2016},
publisher={MIT Press}
}
%
