
@inproceedings{yang_co-clustering_2022,
	title = {Co-clustering {Interactions} via {Attentive} {Hypergraph} {Neural} {Network}},
	booktitle = {SIGIR},
	publisher = {ACM},
	author = {Yang, Tianchi and Yang, Cheng and Zhang, Luhao and Shi, Chuan and Hu, Maodi and Liu, Huaijun and Li, Tao and Wang, Dong},
	month = jul,
	year = {2022},
	pages = {859--869},
}

@inproceedings{fan_one2multi_2020,
	title = {{One2Multi} {Graph} {Autoencoder} for {Multi}-view {Graph} {Clustering}},
	booktitle = {WWW},
	publisher = {ACM},
	author = {Fan, Shaohua and Wang, Xiao and Shi, Chuan and Lu, Emiao and Lin, Ken and Wang, Bai},
	month = apr,
	year = {2020},
	pages = {3070--3076},
}

@article{min_survey_2018,
	title = {A {Survey} of {Clustering} {With} {Deep} {Learning}: {From} the {Perspective} of {Network} {Architecture}},
	volume = {6},
	journal = {IEEE Access},
	author = {Min, Erxue and Guo, Xifeng and Liu, Qiang and Zhang, Gen and Cui, Jianjing and Long, Jun},
	year = {2018},
	pages = {39501--39514},
}

@article{ng2001spectral,
  title={On spectral clustering: Analysis and an algorithm},
  author={Ng, Andrew and Jordan, Michael and Weiss, Yair},
  journal={NIPS},
  volume={14},
  year={2001}
}

@article{zhang_maximum_2021,
	title = {Maximum {Joint} {Probability} {With} {Multiple} {Representations} for {Clustering}},
	journal = {IEEE TNNLS},
	author = {Zhang, Rui and Zhang, Hongyuan and Li, Xuelong},
	year = {2021},
	pages = {1--11},
}

@inproceedings{yan_deep_2015,
	title = {Deep {Learning} for {Imbalanced} {Multimedia} {Data} {Classification}},
	//doi = {10.1109/ISM.2015.126},
	booktitle = {{IEEE} {ISM}},
	author = {Yan, Yilin and Chen, Min and Shyu, Mei-Ling and Chen, Shu-Ching},
	year = {2015},
	pages = {483--488},
}

@inproceedings{xu_disentangled_2021,
	title = {Disentangled {Self}-{Attentive} {Neural} {Networks} for {Click}-{Through} {Rate} {Prediction}},
	//booktitle = {Proceedings of the 30th {ACM} {International} {Conference} on {Information} \&amp; {Knowledge} {Management}},
	booktitle={CIKM},
	publisher = {ACM},
	//publisher = {Association for Computing Machinery},
	author = {Xu, Yichen and Zhu, Yanqiao and Yu, Feng and Liu, Qiang and Wu, Shu},
	year = {2021},
	pages = {3553--3557},
}

@article{kou2016social,
  title={Social network search based on semantic analysis and learning},
  author={Kou, Feifei and Du, Junping and He, Yijiang and Ye, Lingfei},
  journal={CAAI transactions on intelligence technology},
  volume={1},
  number={4},
  pages={293--302},
  year={2016},
  //publisher={Elsevier}
}

@inproceedings{sun2009study,
  title={Study on the improvement of K-nearest-neighbor algorithm},
  author={Sun, Bo and Du, Junping and Gao, Tian},
  booktitle={AICI},
  volume={4},
  pages={390--393},
  year={2009},
  //organization={IEEE}
}

@article{garcia_big_2016,
	title = {Big data preprocessing: methods and prospects},
	volume = {1},
	number = {1},
	journal = {Big Data Analytics},
	author = {García, Salvador and Ramírez-Gallego, Sergio and Luengo, Julián and Benítez, José Manuel and Herrera, Francisco},
	year = {2016},
	//pages = {9},
}

@inproceedings{vaswani_attention_2017,
	title = {Attention is {All} you {Need}},
	booktitle = {Advances in {Neural} {Information} {Processing} {Systems} 30: {Annual} {Conference} on {Neural} {Information} {Processing} {Systems} 2017},
	author = {Vaswani, Ashish and Shazeer, Noam and Parmar, Niki and Uszkoreit, Jakob and Jones, Llion and Gomez, Aidan N. and Kaiser, Lukasz and Polosukhin, Illia},
	year = {2017},
	pages = {5998--6008},
}

@article{shi2018heterogeneous,
    title={Heterogeneous information network embedding for recommendation},
    author={Shi, Chuan and Hu, Binbin and Zhao, Wayne Xin and Philip, S Yu},
    journal={IEEE TKDE},
    volume={31},
    number={2},
    pages={357--370},
    year={2018},
    //publisher={IEEE}
}
@article{li_adaptive_2021,
	title = {Adaptive {Graph} {Auto}-{Encoder} for {General} {Data} {Clustering}},
	journal = {IEEE Transactions on Pattern Analysis and Machine Intelligence},
	author = {Li, Xuelong and Zhang, Hongyuan and Zhang, Rui},
	year = {2021},
	//pages = {1--1},
}

@inproceedings{zhu_deep_2020,
	title = {Deep {Graph} {Contrastive} {Representation} {Learning}},
	booktitle = {{ICML} {Workshop} on {Graph} {Representation} {Learning} and {Beyond}},
	author = {Zhu, Yanqiao and Xu, Yichen and Yu, Feng and Liu, Qiang and Wu, Shu and Wang, Liang},
	year = {2020},
}

@inproceedings{sabour2017dynamic,
	author = {Sabour, Sara and Frosst, Nicholas and Hinton, Geoffrey E.},
	title = {Dynamic Routing Between Capsules},
	//booktitle = {Advances in Neural Information Processing Systems 30},
	booktitle = {NIPS 2017},
	year = {2017},
	//isbn = {978-1-5108-6096-4},
	//location = {Long Beach, California, USA},
	pages = {3859--3869},
	numpages = {11},
	//acmid = {3295142},
	//publisher = {Curran Associates Inc.},
} 

@inproceedings{zhu_adaptive_2017,
	title = {Adaptive {Hypergraph} {Learning} for {Unsupervised} {Feature} {Selection}},
	booktitle = {IJCAI},
	//booktitle = {Proceedings of the {Twenty}-{Sixth} {International} {Joint} {Conference} on {Artificial} {Intelligence}},
	//publisher = {IJCAI Organization},
	author = {Zhu, Xiaofeng and Zhu, Yonghua and Zhang, Shichao and Hu, Rongyao and He, Wei},
	//month = aug,
	year = {2017},
	//pages = {3581--3587},
}

@inproceedings{kipf_semi_supervised_2017,
	title = {Semi-{Supervised} {Classification} with {Graph} {Convolutional} {Networks}},
	//booktitle = {5th {International} {Conference} on {Learning} {Representations}},
	booktitle = {ICLR},
	publisher = {OpenReview.net},
	author = {Kipf, Thomas N. and Welling, Max},
	year = {2017},
}

@inproceedings{zhou_learning_2006,
	title = {Learning with {Hypergraphs}: {Clustering}, {Classification}, and {Embedding}},
	booktitle = {NeurIPS},
	//booktitle = {Proceedings of the 19th {International} {Conference} on {Neural} {Information} {Processing} {Systems}},
	//publisher = {MIT Press},
	author = {Zhou, Dengyong and Huang, Jiayuan and Schölkopf, Bernhard},
	year = {2006},
	pages = {1601--1608},
}

@article{yang2020hypergraph,
  title={Hypergraph learning with line expansion},
  author={Yang, Chaoqi and Wang, Ruijie and Yao, Shuochao and Abdelzaher, Tarek},
  journal={arXiv preprint arXiv:2005.04843},
  year={2020}
}

@article{hu_adaptive_2021,
	title = {Adaptive {Hypergraph} {Auto}-{Encoder} for {Relational} {Data} {Clustering}},
	journal = {TKDE},
	author = {Hu, Youpeng and Li, Xunkai and Wang, Yujie and Wu, Yixuan and Zhao, Yining and Yan, Chenggang and Yin, Jian and Gao, Yue},
	year = {2021},
	//pages = {1--1},
}

@inproceedings{kipf_variational_2016,
	title = {Variational {Graph} {Auto}-{Encoders}},
	booktitle = {{NIPS} {Workshop} on {Bayesian} {Deep} {Learning}},
	author = {Kipf, Thomas N and Welling, Max},
	year = {2016},
}

@inproceedings{liu_autofis_2020,
	title = {{AutoFIS}: {Automatic} {Feature} {Interaction} {Selection} in {Factorization} {Models} for {Click}-{Through} {Rate} {Prediction}},
	booktitle = {Proceedings of the 26th {ACM} {SIGKDD} {International} {Conference} on {Knowledge} {Discovery} \& {Data} {Mining}},
	publisher = {ACM},
	author = {Liu, Bin and Zhu, Chenxu and Li, Guilin and Zhang, Weinan and Lai, Jincai and Tang, Ruiming and He, Xiuqiang and Li, Zhenguo and Yu, Yong},
	month = aug,
	year = {2020},
	pages = {2636--2645},
}

@article{kou_social_2016,
	title = {Social network search based on semantic analysis and learning},
	volume = {1},
	number = {4},
	journal = {CAAI Transactions on Intelligence Technology},
	author = {Kou, Feifei and Du, Junping and He, Yijiang and Ye, Lingfei},
	month = oct,
	year = {2016},
	pages = {293--302},
}

@inproceedings{sun_study_2009,
	title = {Study on the {Improvement} of {K}-{Nearest}-{Neighbor} {Algorithm}},
	booktitle = {2009 {International} {Conference} on {Artificial} {Intelligence} and {Computational} {Intelligence}},
	publisher = {IEEE},
	author = {Sun, Bo and Du, Junping and Gao, Tian},
	year = {2009},
	pages = {390--393},
}

@article{feng_improving_2020,
	title = {Improving performances of {Top}-{N} recommendations with co-clustering method},
	volume = {143},
	journal = {Expert Systems with Applications},
	author = {Feng, Liang and Zhao, Qianchuan and Zhou, Cangqi},
	month = apr,
	year = {2020},
}	
	
@inproceedings{wang_heterogeneous_2019,
	title = {Heterogeneous {Graph} {Attention} {Network}},
	booktitle = {WWW},
	author = {Wang, Xiao and Ji, Houye and Shi, Chuan and Wang, Bai and Ye, Yanfang and Cui, Peng and Yu, Philip S.},
	year = {2019},
}

@inproceedings{song_deep_2021,
	title = {Deep {Clustering} based {Fair} {Outlier} {Detection}},
	booktitle = {{SIGKDD} 2021},
	author = {Song, Hanyu and Li, Peizhao and Liu, Hongfu},
	month = jun,
	year = {2021},
}

@article{yang_variational_2021,
	title = {Variational {Co}-embedding {Learning} for {Attributed} {Network} {Clustering}},
	journal = {arXiv},
	author = {Yang, Shuiqiao and Verma, Sunny and Cai, Borui and Jiang, Jiaojiao and Yu, Kun and Chen, Fang and Yu, Shui},
	year = {2021},
}

@article{meng_jointly_2020,
	title = {Jointly {Learning} {Representations} of {Nodes} and {Attributes} for {Attributed} {Networks}},
	volume = {38},
	number = {2},
	journal = {ACM Trans. Inf. Syst.},
	author = {Meng, Zaiqiao and Liang, Shangsong and Zhang, Xiangliang and McCreadie, Richard and Ounis, Iadh},
	year = {2020},
}

@inproceedings{wang_attributed_2019,
	title = {Attributed {Graph} {Clustering}: {A} {Deep} {Attentional} {Embedding} {Approach}},
	//booktitle = {Proceedings of the {Twenty}-{Eighth} {International} {Joint} {Conference} on {Artificial} {Intelligence}},
	booktitle = {IJCAI},
	author = {Wang, Chun and Pan, Shirui and Hu, Ruiqi and Long, Guodong and Jiang, Jing and Zhang, Chengqi},
	month = aug,
	year = {2019},
	//pages = {3670--3676},
}

@article{yang2021hgat,
  title={HGAT: Heterogeneous Graph Attention Networks for Semi-supervised Short Text Classification},
  author={Yang, Tianchi and Hu, Linmei and Shi, Chuan and Ji, Houye and Li, Xiaoli and Nie, Liqiang},
  journal={ACM TOIS},
  volume={39},
  number={3},
  pages={1--29},
  year={2021},
}

@inproceedings{lundberg_unified_2017,
	title = {A unified approach to interpreting model predictions},
	booktitle = {{NIPS}},
	author = {Lundberg, Scott M and Lee, Su-In},
	year = {2017},
	pages = {4768--4777},
}

@inproceedings{deutch_constraints-based_2019,
	title = {Constraints-based explanations of classifications},
	booktitle = {{ICDE}},
	publisher = {IEEE},
	author = {Deutch, Daniel and Frost, Nave},
	year = {2019},
	pages = {530--541},
}

@inproceedings{moshkovitz_explainable_2020,
	title = {Explainable k-means and k-medians clustering},
	booktitle = {International {Conference} on {Machine} {Learning}},
	publisher = {PMLR},
	author = {Moshkovitz, Michal and Dasgupta, Sanjoy and Rashtchian, Cyrus and Frost, Nave},
	year = {2020},
	pages = {7055--7065},
}

@article{van2008visualizing,
  title={Visualizing data using t-SNE.},
  author={Van der Maaten, Laurens and Hinton, Geoffrey},
  journal={Journal of machine learning research},
  volume={9},
  number={11},
  year={2008}
}

@inproceedings{gad-elrab_excut_2020,
	title = {{ExCut}: explainable embedding-based clustering over knowledge graphs},
	booktitle = {International {Semantic} {Web} {Conference}},
	publisher = {Springer},
	author = {Gad-Elrab, Mohamed H and Stepanova, Daria and Tran, Trung-Kien and Adel, Heike and Weikum, Gerhard},
	year = {2020},
	pages = {218--237},
}

@inproceedings{sundararajan_axiomatic_2017,
	title = {Axiomatic {Attribution} for {Deep} {Networks}},
	volume = {70},
	booktitle = {Proceedings of the 34th International Conference on Machine Learning},
	//booktitle = {ICML},
	publisher = {PMLR},
	author = {Sundararajan, Mukund and Taly, Ankur and Yan, Qiqi},
	month = aug,
	year = {2017},
	pages = {3319--3328},
}

@article{zhou_graph_2009,
	title = {Graph clustering based on structural/attribute similarities},
	volume = {2},
	number = {1},
	journal = {Proceedings of the VLDB Endowment},
	author = {Zhou, Yang and Cheng, Hong and Yu, Jeffrey Xu},
	month = aug,
	year = {2009},
	pages = {718--729},
}

@article{kipf2016variational,
  title={Variational Graph Auto-Encoders},
  author={Kipf, Thomas N and Welling, Max},
  journal={NIPS Workshop on Bayesian Deep Learning},
  year={2016}
}
@article{shiau_co-citation_2017,
	title = {Co-citation and cluster analyses of extant literature on social networks},
	volume = {37},
	number = {5},
	journal = {International Journal of Information Management},
	author = {Shiau, Wen-Lung and Dwivedi, Yogesh K. and Yang, Han Suan},
	month = oct,
	year = {2017},
	pages = {390--399},
}

@inproceedings{pinilla-de_la_cruz_public-private_2021,
	title = {Public-{Private} {Partnerships} ({PPPs}) in {Energy}: {Co}-citation {Analysis} {Using} {Network} and {Cluster} {Visualization}},
	booktitle = {Intelligent {Human} {Systems} {Integration} 2021},
	publisher = {Springer},
	author = {Pinilla-De La Cruz, Giovanna Andrea and Rabetino, Rodrigo and Kantola, Jussi},
	year = {2021},
	pages = {460--465},
}

@article{udrescu_clustering_2016,
	title = {Clustering drug-drug interaction networks with energy model layouts: community analysis and drug repurposing},
	volume = {6},
	journal = {Scientific Reports},
	author = {Udrescu, Lucreţia and Sbârcea, Laura and Topîrceanu, Alexandru and Iovanovici, Alexandru and Kurunczi, Ludovic and Bogdan, Paul and Udrescu, Mihai},
	month = dec,
	year = {2016},
	//pages = {32745},
}

@article{wishart_drugbank_2018,
	title = {{DrugBank} 5.0: a major update to the {DrugBank} database for 2018},
	volume = {46},
	journal = {Nucleic Acids Research},
	author = {Wishart, David S and Feunang, Yannick D and Guo, An C and Lo, Elvis J and Marcu, Ana and Grant, Jason R and Sajed, Tanvir and Johnson, Daniel and Li, Carin and Sayeeda, Zinat and Assempour, Nazanin and Iynkkaran, Ithayavani and Liu, Yifeng and Maciejewski, Adam and Gale, Nicola and Wilson, Alex and Chin, Lucy and Cummings, Ryan and Le, Diana and Pon, Allison and Knox, Craig and Wilson, Michael},
	month = jan,
	year = {2018},
	pages = {D1074--D1082},
}

@article{tatonetti_data_driven_2012,
	title = {Data-{Driven} {Prediction} of {Drug} {Effects} and {Interactions}},
	volume = {4},
	number = {125},
	journal = {Science Translational Medicine},
	author = {Tatonetti, N. P. and Ye, P. P. and Daneshjou, R. and Altman, R. B.},
	month = mar,
	year = {2012},
	pages = {125ra31--125ra31},
}

@article{huang_systematic_2013,
	title = {Systematic {Prediction} of {Pharmacodynamic} {Drug}-{Drug} {Interactions} through {Protein}-{Protein}-{Interaction} {Network}},
	volume = {9},
	number = {3},
	journal = {PLoS Computational Biology},
	author = {Huang, Jialiang and Niu, Chaoqun and Green, Christopher D. and Yang, Lun and Mei, Hongkang and Han, Jing-Dong J.},
	month = mar,
	year = {2013},
	pages = {e1002998},
}

@article{zhang_taxonomy_2019,
	title = {Taxonomy-aware collaborative denoising autoencoder for personalized recommendation},
	volume = {49},
	number = {6},
	journal = {Applied Intelligence},
	author = {Zhang, Chunhong and Li, Tiantian and Ren, Zhibin and Hu, Zheng and Ji, Yang},
	month = jun,
	year = {2019},
	pages = {2101--2118},
}

@inproceedings{huang_taxonomy_2019,
	title = {Taxonomy-{Aware} {Multi}-{Hop} {Reasoning} {Networks} for {Sequential} {Recommendation}},
	booktitle = {WSDM},
	publisher = {ACM},
	author = {Huang, Jin and Ren, Zhaochun and Zhao, Wayne Xin and He, Gaole and Wen, Ji-Rong and Dong, Daxiang},
	year = {2019},
	pages = {573--581},
}

@inproceedings{ping_user_2021,
	title = {User {Consumption} {Intention} {Prediction} in {Meituan}},
	booktitle = {SIGKDD},
	publisher = {Association for Computing Machinery},
	author = {Ping, Yukun and Gao, Chen and Liu, Taichi and Du, Xiaoyi and Luo, Hengliang and Jin, Depeng and Li, Yong},
	year = {2021},
	pages = {3472--3482},
}

@inproceedings{hu_heterogeneous_2020,
	title = {Heterogeneous {Graph} {Transformer}},
	//booktitle = {Proceedings of The Web Conference},
	booktitle = {WWW},
	publisher = {ACM},
	author = {Hu, Ziniu and Dong, Yuxiao and Wang, Kuansan and Sun, Yizhou},
	year = {2020},
	pages = {2704--2710},
}

@inproceedings{grover_node2vec_2016,
	title = {node2vec: {Scalable} {Feature} {Learning} for {Networks}},
	booktitle = {{SIGKDD}},
	publisher = {Association for Computing Machinery},
	author = {Grover, Aditya and Leskovec, Jure},
	year = {2016},
	pages = {855--864},
}

@inproceedings{dong_metapath2vec_2017,
	title = {metapath2vec: {Scalable} {Representation} {Learning} for {Heterogeneous} {Networks}},
	//booktitle = {Proceedings of the 23rd ACM SIGKDD International Conference on Knowledge Discovery and Data Mining},
	booktitle = {SIGKDD},
	publisher = {ACM},
	author = {Dong, Yuxiao and Chawla, Nitesh V. and Swami, Ananthram},
	year = {2017},
	pages = {135--144},
}

@article{hinton_reducing_2006,
	title = {Reducing the {Dimensionality} of {Data} with {Neural} {Networks}},
	volume = {313},
	number = {5786},
	urldate = {2021-08-23},
	journal = {Science},
	author = {Hinton, G. E.},
	month = jul,
	year = {2006},
	pages = {504--507},
}

@article{hartigan_algorithm_1979,
	title = {Algorithm {AS} 136: {A} {K}-{Means} {Clustering} {Algorithm}},
	volume = {28},
	number = {1},
	journal = {Applied Statistics},
	author = {Hartigan, J. A. and Wong, M. A.},
	year = {1979},
	pages = {100},
}

@inproceedings{yun_graph_2019,
	title = {Graph {Transformer} {Networks}},
	volume = {32},
	booktitle = {NIPS},
	publisher = {Curran Associates, Inc.},
	author = {Yun, Seongjun and Jeong, Minbyul and Kim, Raehyun and Kang, Jaewoo and Kim, Hyunwoo J},
	year = {2019},
}

@inproceedings{xie_unsupervised_2016,
	title = {Unsupervised {Deep} {Embedding} for {Clustering} {Analysis}},
	volume = {48},
	//booktitle = {Proceedings of The 33rd International Conference on Machine Learning},
	booktitle = {ICML},
	publisher = {PMLR},
	author = {Xie, Junyuan and Girshick, Ross and Farhadi, Ali},
	month = jun,
	year = {2016},
	pages = {478--487},
}


@inproceedings{bo_structural_2020,
	title = {Structural {Deep} {Clustering} {Network}},
	//booktitle = {Proceedings of the Web Conference},
	booktitle = {WWW},
	author = {Bo, Deyu and Wang, Xiao and Shi, Chuan and Zhu, Meiqi and Lu, Emiao and Cui, Peng},
	year = {2020},
	//pages = {11},
}

@inproceedings{yang_effective_2021,
	title = {Effective and {Scalable} {Clustering} on {Massive} {Attributed} {Graphs}},
	//booktitle = {Proceedings of the Web Conference},
	booktitle = {WWW},
	publisher = {ACM},
	author = {Yang, Renchi and Shi, Jieming and Yang, Yin and Huang, Keke and Zhang, Shiqi and Xiao, Xiaokui},
	month = apr,
	year = {2021},
	//pages = {3675--3687},
}

@inproceedings{zhang_hyper_sagnn_2020,
	title = {Hyper-{SAGNN}: a self-attention based graph neural network for hypergraphs},
	//booktitle = {International Conference on Learning Representations},
	booktitle = {ICLR},
	author = {Zhang, Ruochi and Zou, Yuesong and Ma, Jian},
	year = {2020},
}

@inproceedings{mohankumar_towards_2020,
	title = {Towards {Transparent} and {Explainable} {Attention} {Models}},
	booktitle = {ACL},
	publisher = {Association for Computational Linguistics},
	author = {Mohankumar, Akash Kumar and Nema, Preksha and Narasimhan, Sharan and Khapra, Mitesh M. and Srinivasan, Balaji Vasan and Ravindran, Balaraman},
	year = {2020},
	pages = {4206--4216},
}

@inproceedings{wiegreffe_attention_2019,
	title = {Attention is not not {Explanation}},
	booktitle = {EMNLP},
	publisher = {Association for Computational Linguistics},
	author = {Wiegreffe, Sarah and Pinter, Yuval},
	month = nov,
	year = {2019},
	pages = {11--20},
}

@inproceedings{feng_hypergraph_2019,
	title = {Hypergraph {Neural} {Networks}},
	//booktitle = {Proceedings of the {AAAI} {Conference} on {Artificial} {Intelligence}},
	booktitle = {AAAI},
	author = {Feng, Yifan and You, Haoxuan and Zhang, Zizhao and Ji, Rongrong and Gao, Yue},
	month = jul,
	year = {2019},
	pages = {3558--3565},
}

@incollection{yadati_hypergcn_2019,
	title = {{HyperGCN}: {A} {New} {Method} {For} {Training} {Graph} {Convolutional} {Networks} on {Hypergraphs}},
	//booktitle = {Advances in Neural Information Processing Systems 32},
	booktitle = {NeurIPS},
	//publisher = {Curran Associates, Inc.},
	author = {Yadati, Naganand and Nimishakavi, Madhav and Yadav, Prateek and Nitin, Vikram and Louis, Anand and Talukdar, Partha},
	year = {2019},
	pages = {1511--1522},
}

@inproceedings{serrano_is_2019,
	title = {Is {Attention} {Interpretable}?},
	//booktitle = {Proceedings of the 57th Annual Meeting of the Association for Computational Linguistics},
	booktitle = {ACL},
	publisher = {Association for Computational Linguistics},
	author = {Serrano, Sofia and Smith, Noah A.},
	month = jul,
	year = {2019},
	pages = {2931--2951},
}

@inproceedings{jain_attention_2019,
	title = {Attention is not {Explanation}},
	booktitle = {NAACL},
	publisher = {Association for Computational Linguistics},
	author = {Jain, Sarthak and Wallace, Byron C.},
	month = jun,
	year = {2019},
	pages = {3543--3556},
}

@inproceedings{zhang_hierarchical_2019,
	title = {Hierarchical {Reinforcement} {Learning} for {Course} {Recommendation} in {MOOCs}},
	booktitle = {AAAI},
	author = {Zhang, Jing and Hao, Bowen and Chen, Bo and Li, Cuiping and Chen, Hong and Sun, Jimeng},
	year = {2019},
	pages = {435--442},
}

@inproceedings{zhao_exploiting_2017,
	title = {Exploiting {Hierarchical} {Structures} for {POI} {Recommendation}},
	booktitle = {ICDM},
	author = {Zhao, P. and Xu, X. and Liu, Y. and Zhou, Z. and Zheng, K. and Sheng, V. S. and Xiong, H.},
	year = {2017},
	pages = {655--664},
}

@article{sarkar_mining_2019,
	title = {Mining user interaction patterns in the darkweb to predict enterprise cyber incidents},
	volume = {9},
	number = {1},
	journal = {Social Network Analysis and Mining},
	author = {Sarkar, Soumajyoti and Almukaynizi, Mohammad and Shakarian, Jana and Shakarian, Paulo},
	month = dec,
	year = {2019},
	pages = {57},
}

@article{wundervald_cluster-based_2021,
	title = {Cluster-based quotas for fairness improvements in music recommendation systems},
	volume = {10},
	number = {1},
	journal = {International Journal of Multimedia Information Retrieval},
	author = {Wundervald, Bruna},
	month = mar,
	year = {2021},
	pages = {25--32},
}

@inproceedings{qiao_personalized_2019,
	title = {Personalized {Recommendation} for {Cold}-{Start} {Users} via {Cluster}-{Level} {Latent} {Feature} {Model}},
	//booktitle = {International Conference on Networking and Network Applications},
	booktitle = {NaNA},
	author = {Qiao, Hui and Liu, Yangyang and Dong, Xuewen and Lu, Di},
	year = {2019},
	pages = {290--295},
}

@inproceedings{buaklee_similar_2018,
	title = {Similar {Cluster} recommendation of {Product} {Purchases} by {Pages} liked {Analysis}},
	//booktitle = {10th International Conference on Electronics, Computers and Artificial Intelligence},
	booktitle = {ECAI},
	publisher = {IEEE},
	author = {Buaklee, Chantima and Sinthupinyo, Sukree},
	month = jun,
	year = {2018},
	pages = {1--5},
}

@inproceedings{jing_hdmi_2021,
	title = {{HDMI}: {High}-order {Deep} {Multiplex} {Infomax}},
	booktitle = {WWW},
	publisher = {ACM},
	author = {Jing, Baoyu and Park, Chanyoung and Tong, Hanghang},
	year = {2021},
	pages = {2414--2424},
}

@inproceedings{park_unsupervised_2020,
	title = {Unsupervised {Attributed} {Multiplex} {Network} {Embedding}},
	booktitle = {AAAI},
	author = {Park, Chanyoung and Kim, Donghyun and Han, Jiawei and Yu, Hwanjo},
	year = {2020},
	pages = {5371--5378},
}

@inproceedings{aggarwal_dynamic_2020,
	title = {Dynamic {Clustering} with {Discrete} {Time} {Event} {Prediction}},
	booktitle = {SIGIR},
	//booktitle = {Proceedings of the 43rd International ACM SIGIR Conference on Research and Development in Information Retrieval},
	publisher = {ACM},
	author = {Aggarwal, Karan and Theocharous, Georgios and Rao, Anup B.},
	year = {2020},
	pages = {1501--1504},
}

@inproceedings{ban_local_2021,
	title = {Local {Clustering} in {Contextual} {Multi}-{Armed} {Bandits}},
	booktitle = {WWW},
	publisher = {ACM},
	author = {Ban, Yikun and He, Jingrui},
	year = {2021},
	pages = {2335--2346},
}


%%%%%%%%%%%%%%%%%%%%%%%%%%%%%%%%%%%%%%%%%%%%%%%%%%
%%%%%%%%%%%%%%%%%%%%%%%%%%%%%%%%%%%%%%%%%%%%%%%%%%
%%%%%%%%%%%%%%%%%%%%%%%%%%%%%%%%%%%%%%%%%%%%%%%%%%


@inproceedings{jin_efficient_2020,
	title = {An {Efficient} {Neighborhood}-based {Interaction} {Model} for {Recommendation} on {Heterogeneous} {Graph}},
	//doi = {10.1145/3394486.3403050},
	//booktitle = {Proceedings of the 26th {ACM} {SIGKDD} {International} {Conference} on {Knowledge} {Discovery} \& {Data} {Mining}},
	booktitle = {SIGKDD},
	publisher = {ACM},
	author = {Jin, Jiarui and Qin, Jiarui and Fang, Yuchen and Du, Kounianhua and Zhang, Weinan and Yu, Yong and Zhang, Zheng and Smola, Alexander J.},
	month = aug,
	year = {2020},
	pages = {75--84},
}

@inproceedings{chen2020efficient,
  title={Efficient non-sampling factorization machines for optimal context-aware recommendation},
  author={Chen, Chong and Zhang, Min and Ma, Weizhi and Liu, Yiqun and Ma, Shaoping},
  //booktitle={Proceedings of The Web Conference 2020},
  booktitle={WWW},
  pages={2400--2410},
  year={2020},
  publisher = {ACM},
}

@article{yu_self_supervised_2021,
	title = {Self-{Supervised} {Multi}-{Channel} {Hypergraph} {Convolutional} {Network} for {Social} {Recommendation}},
	journal = {arXiv preprint arXiv:2101.06448},
	author = {Yu, Junliang and Yin, Hongzhi and Li, Jundong and Wang, Qinyong and Hung, Nguyen Quoc Viet and Zhang, Xiangliang},
	year = {2021}
}

@article{chen_context_aware_2021,
	title = {A context-aware recommendation approach based on feature selection},
	volume = {51},
	//issn = {0924-669X, 1573-7497},
	//url = {http://link.springer.com/10.1007/s10489-020-01835-9},
	//doi = {10.1007/s10489-020-01835-9},
	number = {2},
	journal = {Applied Intelligence},
	author = {Chen, Lei and Xia, Meimei},
	month = feb,
	year = {2021},
	pages = {865--875}
}

@article{context_aware_2018,
	title = {Context-{Aware} {Recommendation} {Methods}},
	volume = {10},
	//issn = {2074904X, 20749058},
	//doi = {10.5815/ijisa.2018.09.01},
	number = {9},
	journal = {International Journal of Intelligent Systems and Applications},
	author = {{University of Ottawa, Ottawa, K1N 6N5, Canada} and Agagu, Tosin and Tran, Thomas},
	//month = sep,
	year = {2018},
	pages = {1--12},
}

@inproceedings{chen_adversarial_2019,
	title = {Adversarial tensor factorization for context-aware recommendation},
	//isbn = {978-1-4503-6243-6},
	//doi = {10.1145/3298689.3346987},
	//booktitle = {Proceedings of the 13th {ACM} {Conference} on {Recommender} {Systems}},
	booktitle = {RecSys},
	publisher = {ACM},
	author = {Chen, Huiyuan and Li, Jing},
	year = {2019},
	pages = {363--367}
}

@inproceedings{fan_metapath_guided_2019,
	title = {Metapath-guided {Heterogeneous} {Graph} {Neural} {Network} for {Intent} {Recommendation}},
	//booktitle = {Proceedings of the 25th {ACM} {SIGKDD} {International} {Conference} on {Knowledge} {Discovery} \& {Data} {Mining}},
	booktitle = {SIGKDD},
	publisher = {ACM},
	author = {Fan, Shaohua and Zhu, Junxiong and Han, Xiaotian and Shi, Chuan and Hu, Linmei and Ma, Biyu and Li, Yongliang},
	year = {2019},
	pages = {2478--2486},
}

@inproceedings{guo_deepfm_2017,
	title = {{DeepFM}: {A} {Factorization}-{Machine} {Based} {Neural} {Network} for {CTR} {Prediction}},
	//booktitle = {Proceedings of the 26th {International} {Joint} {Conference} on {Artificial} {Intelligence}},
	booktitle = {IJCAI},
	//publisher = {AAAI},
	author = {Guo, Huifeng and Tang, Ruiming and Ye, Yunming and Li, Zhenguo and He, Xiuqiang},
	year = {2017},
	pages = {1725--1731}
}

@inproceedings{rendle_factorization_2010,
	title = {Factorization {Machines}},
	//booktitle = {{The} 10th {IEEE} {International} {Conference} on {Data} {Mining}},
	booktitle = {ICDM},
	publisher = {IEEE Computer Society},
	author = {Rendle, Steffen},
	year = {2010},
	pages = {995--1000}
}

@inproceedings{linmei_heterogeneous_2019,
	title = {Heterogeneous {Graph} {Attention} {Networks} for {Semi}-supervised {Short} {Text} {Classification}},
	//booktitle = {Proceedings of the 2019 {Conference} on {Empirical} {Methods} in {Natural} {Language} {Processing} and the 9th {International} {Joint} {Conference} on {Natural} {Language} {Processing}},
	booktitle = {EMNLP},
	publisher = {ACL},
	author = {Linmei, Hu and Yang, Tianchi and Shi, Chuan and Ji, Houye and Li, Xiaoli},
	year = {2019},
}

@inproceedings{song_autoint_2019,
	title = {{AutoInt}: {Automatic} {Feature} {Interaction} {Learning} via {Self}-{Attentive} {Neural} {Networks}},
	//booktitle = {Proceedings of the 28th {ACM} {International} {Conference} on {Information} and {Knowledge} {Management}},
	booktitle = {CIKM},
	publisher = {ACM},
	author = {Song, Weiping and Shi, Chence and Xiao, Zhiping and Duan, Zhijian and Xu, Yewen and Zhang, Ming and Tang, Jian},
	year = {2019},
	pages = {1161--1170},
}

@inproceedings{abadi_tensorflow_2016,
	title = {{TensorFlow}: {A} {System} for {Large}-{Scale} {Machine} {Learning}},
	//booktitle = {12th {USENIX} {Symposium} on {Operating} {Systems} {Design} and {Implementation}},
	booktitle = {OSDI},
	publisher = {USENIX Association},
	author = {Abadi, Martín and Barham, Paul and Chen, Jianmin and Chen, Zhifeng and Davis, Andy and Dean, Jeffrey and Devin, Matthieu and Ghemawat, Sanjay and Irving, Geoffrey and Isard, Michael and Kudlur, Manjunath and Levenberg, Josh and Monga, Rajat and Moore, Sherry and Murray, Derek Gordon and Steiner, Benoit and Tucker, Paul A. and Vasudevan, Vijay and Warden, Pete and Wicke, Martin and Yu, Yuan and Zheng, Xiaoqiang},
	year = {2016},
	pages = {265--283}
}

@inproceedings{kingma_adam_2015,
  author    = {Diederik P. Kingma and Jimmy Ba},
  title     = {Adam: {A} Method for Stochastic Optimization},
  //booktitle = {3rd International Conference on Learning Representations},
  booktitle = {ICLR},
  year      = {2015},
}

@article{wu_graph_2020,
	title = {Graph {Neural} {Networks} in {Recommender} {Systems}: {A} {Survey}},
	journal = {arXiv:2011.02260 [cs]},
	author = {Wu, Shiwen and Zhang, Wentao and Sun, Fei and Cui, Bin},
	year = {2020},
}

@inproceedings{rendle_bpr_2009,
	title = {{BPR}: {Bayesian} {Personalized} {Ranking} from {Implicit} {Feedback}},
	//booktitle = {Proceedings of the {Twenty}-{Fifth} {Conference} on {Uncertainty} in {Artificial} {Intelligence}},
	booktitle = {UAI},
	publisher = {AUAI Press},
	author = {Rendle, Steffen and Freudenthaler, Christoph and Gantner, Zeno and Schmidt-Thieme, Lars},
	year = {2009},
	pages = {452--461}
}

@article{ma_improving_2011,
	title = {Improving {Recommender} {Systems} by {Incorporating} {Social} {Contextual} {Information}},
	volume = {29},
	number = {2},
	journal = {ACM Transactions on Information Systems},
	author = {Ma, Hao and Zhou, Tom Chao and Lyu, Michael R. and King, Irwin},
	year = {2011},
	pages = {1--23}
}

@inproceedings{xie_learning_2016,
	title = {Learning {Graph}-based {POI} {Embedding} for {Location}-based {Recommendation}},
	//booktitle = {Proceedings of the 25th {ACM} {International} on {Conference} on {Information} and {Knowledge} {Management}},
	booktitle = {CIKM},
	publisher = {ACM},
	author = {Xie, Min and Yin, Hongzhi and Wang, Hao and Xu, Fanjiang and Chen, Weitong and Wang, Sen},
	year = {2016},
	pages = {15--24}
}

@article{wang_survey_2020,
	title = {A {Survey} on {Heterogeneous} {Graph} {Embedding}: {Methods}, {Techniques}, {Applications} and {Sources}},
	journal = {arXiv preprint arXiv:2011.14867},
	author = {Wang, Xiao and Bo, Deyu and Shi, Chuan and Fan, Shaohua and Ye, Yanfang and Yu, Philip S},
	year = {2020}
}

@inproceedings{chen_tgcn_2020,
	title = {{TGCN}: {Tag} {Graph} {Convolutional} {Network} for {Tag}-{Aware} {Recommendation}},
	//booktitle = {Proceedings of the 29th {ACM} {International} {Conference} on {Information} \& {Knowledge} {Management}},
	booktitle = {CIKM},
	publisher = {ACM},
	author = {Chen, Bo and Guo, Wei and Tang, Ruiming and Xin, Xin and Ding, Yue and He, Xiuqiang and Wang, Dong},
	year = {2020},
	pages = {155--164},
}

@inproceedings{luo_conceptualize_2019,
	title = {Conceptualize and {Infer} {User} {Needs} in {E}-commerce},
	booktitle = {CIKM},
	//booktitle = {Proceedings of the 28th {ACM} {International} {Conference} on {Information} and {Knowledge} {Management}},
	publisher = {ACM},
	author = {Luo, Xusheng and Yang, Yonghua and Zhu, Kenny Qili and Gong, Yu and Yang, Keping},
	year = {2019},
	pages = {2517--2525},
}

@article{tran_directed_2020,
	title = {Directed hypergraph neural network},
	journal = {arXiv},
	author = {Tran, Loc Hoang and Tran, Linh Hoang},
	month = aug,
	year = {2020},
}

@article{bandyopadhyay_line_2020,
	title = {Line {Hypergraph} {Convolution} {Network}: {Applying} {Graph} {Convolution} for {Hypergraphs}},
	journal = {arXiv:2002.03392 [cs]},
	author = {Bandyopadhyay, Sambaran and Das, Kishalay and Murty, M. Narasimha},
	month = feb,
	year = {2020},
}

@inproceedings{yi_hypergraph_2020,
	title = {Hypergraph {Convolutional} {Recurrent} {Neural} {Network}},
	//booktitle = {Proceedings of the 26th {ACM} {SIGKDD} {International} {Conference} on {Knowledge} {Discovery} \& {Data} {Mining}},
	booktitle = {SIGKDD},
	publisher = {ACM},
	author = {Yi, Jaehyuk and Park, Jinkyoo},
	year = {2020},
	pages = {3366--3376},
}

@inproceedings{jiang_dynamic_2019,
	title = {Dynamic {Hypergraph} {Neural} {Networks}},
	//booktitle = {Proceedings of the {Twenty}-{Eighth} {International} {Joint} {Conference} on {Artificial} {Intelligence}},
	booktitle = {IJCAI},
	publisher = {ijcai.org},
	author = {Jiang, Jianwen and Wei, Yuxuan and Feng, Yifan and Cao, Jingxuan and Gao, Yue},
	year = {2019},
	pages = {2635--2641}
}

@article{zhu_heterogeneous_2016,
	title = {Heterogeneous hypergraph embedding for document recommendation},
	volume = {216},
	journal = {Neurocomputing},
	author = {Zhu, Yu and Guan, Ziyu and Tan, Shulong and Liu, Haifeng and Cai, Deng and He, Xiaofei},
	month = dec,
	year = {2016},
	pages = {150--162},
}

@inproceedings{wang_next-item_2020,
	title = {Next-item {Recommendation} with {Sequential} {Hypergraphs}},
	//booktitle = {Proceedings of the 43rd {International} {ACM} {SIGIR} //{Conference} on {Research} and {Development} in {Information} {Retrieval}},
	booktitle = {SIGIR},
	publisher = {ACM},
	author = {Wang, Jianling and Ding, Kaize and Hong, Liangjie and Liu, Huan and Caverlee, James},
	month = jul,
	year = {2020},
	pages = {1101--1110},
}

@inproceedings{xia_self-supervised_2021,
	author    = {Xia, Xin and Yin, Hongzhi and Yu, Junliang and Wang, Qinyong and Cui, Lizhen and Zhang, Xiangliang},
	title     = {Self-{Supervised} {Hypergraph} {Convolutional} {Networks} for {Session}-based {Recommendation}},
	//booktitle = {The Thirty-Fifth {AAAI} Conference on Artificial Intelligence},
	booktitle = {AAAI},
	publisher = {{AAAI}},
	year      = {2021},
}

@inproceedings{ji_dual_2020,
	title = {Dual {Channel} {Hypergraph} {Collaborative} {Filtering}},
	//booktitle = {Proceedings of the 26th {ACM} {SIGKDD} {International} {Conference} on {Knowledge} {Discovery} \& {Data} {Mining}},
	booktitle = {SIGKDD},
	publisher = {ACM},
	author = {Ji, Shuyi and Feng, Yifan and Ji, Rongrong and Zhao, Xibin and Tang, Wanwan and Gao, Yue},
	year = {2020},
	pages = {2020--2029}
}

@inproceedings{tu_structural_2018,
  author    = {Ke Tu and Peng Cui and Xiao Wang and Fei Wang and Wenwu Zhu},
  title     = {Structural Deep Embedding for Hyper-Networks},
  booktitle = {AAAI},
  pages     = {426--433},
  publisher = {{AAAI}},
  year      = {2018},
  //url       = {https://www.aaai.org/ocs/index.php/AAAI/AAAI18/paper/view/16797},
}

@article{chen_neural_2021,
	title = {Neural {Feature}-aware {Recommendation} with {Signed} {Hypergraph} {Convolutional} {Network}},
	volume = {39},
	number = {1},
	journal = {ACM Transactions on Information Systems},
	author = {Chen, Xu and Xiong, Kun and Zhang, Yongfeng and Xia, Long and Yin, Dawei and Huang, Jimmy Xiangji},
	month = jan,
	year = {2021},
	pages = {1--22}
}

@article{gao_hypergraph_2020,
	title = {Hypergraph {Learning}: {Methods} and {Practices}.},
	journal = {IEEE Transactions on Pattern Analysis and Machine Intelligence},
	author = {Gao, Y and Zhang, Z and Lin, H and Zhao, X and Du, S and Zou, C},
	year = {2020}
}

@inproceedings{gui_large-scale_2016,
	title = {Large-scale embedding learning in heterogeneous event data},
	//booktitle = {2016 {IEEE} 16th {International} {Conference} on {Data} {Mining}},
	booktitle = {ICDM},
	publisher = {IEEE},
	author = {Gui, Huan and Liu, Jialu and Tao, Fangbo and Jiang, Meng and Norick, Brandon and Han, Jiawei},
	year = {2016},
	pages = {907--912}
}

@inproceedings{huang_hyper2vec_2019,
	title = {Hyper2vec: {Biased} random walk for hyper-network embedding},
	//booktitle = {International {Conference} on {Database} {Systems} for {Advanced} {Applications}},
	booktitle = {DASFAA},
	publisher = {Springer},
	author = {Huang, Jie and Chen, Chuan and Ye, Fanghua and Wu, Jiajing and Zheng, Zibin and Ling, Guohui},
	year = {2019},
	pages = {273--277}
}

@inproceedings{hidasi_recurrent_2018,
	title = {Recurrent {Neural} {Networks} with {Top}-k {Gains} for {Session}-{Based} {Recommendations}},
	//booktitle = {Proceedings of the 27th {ACM} {International} {Conference} on {Information} and {Knowledge} {Management}},
	booktitle = {CIKM},
	publisher = {ACM},
	author = {Hidasi, Balázs and Karatzoglou, Alexandros},
	year = {2018},
	pages = {843--852}
}

@inproceedings{tan_improved_2016,
	title = {Improved {Recurrent} {Neural} {Networks} for {Session}-{Based} {Recommendations}},
	//booktitle = {Proceedings of the 1st {Workshop} on {Deep} {Learning} for {Recommender} {Systems}},
	booktitle = {DLRS@RecSys},
	publisher = {ACM},
	author = {Tan, Yong Kiam and Xu, Xinxing and Liu, Yong},
	year = {2016},
	pages = {17--22}
}

@inproceedings{wu_neural_2019,
	title = {A {Neural} {Influence} {Diffusion} {Model} for {Social} {Recommendation}},
	//booktitle = {Proceedings of the 42nd {International} {ACM} {SIGIR} {Conference} on {Research} and {Development} in {Information} {Retrieval}},
	booktitle = {SIGIR},
	publisher = {ACM},
	author = {Wu, Le and Sun, Peijie and Fu, Yanjie and Hong, Richang and Wang, Xiting and Wang, Meng},
	year = {2019},
	pages = {235--244}
}


@incollection{lim_stp-udgat_2020,
	title = {{STP}-{UDGAT}: {Spatial}-{Temporal}-{Preference} {User} {Dimensional} {Graph} {Attention} {Network} for {Next} {POI} {Recommendation}},
	//booktitle = {Proceedings of the 29th {ACM} {International} {Conference} on {Information} \&amp; {Knowledge} {Management}},
	booktitle = {CIKM},
	publisher = {ACM},
	author = {Lim, Nicholas and Hooi, Bryan and Ng, See-Kiong and Wang, Xueou and Goh, Yong Liang and Weng, Renrong and Varadarajan, Jagannadan},
	year = {2020},
	pages = {845--854}
}

@incollection{chang_learning_2020,
	title = {Learning {Graph}-{Based} {Geographical} {Latent} {Representation} for {Point}-of-{Interest} {Recommendation}},
	booktitle = {CIKM},
	//booktitle = {Proceedings of the 29th {ACM} {International} {Conference} on {Information} \&amp; {Knowledge} {Management}},
	publisher = {ACM},
	author = {Chang, Buru and Jang, Gwanghoon and Kim, Seoyoon and Kang, Jaewoo},
	year = {2020},
	pages = {135--144}
}


@article{wang_towards_2021,
	title = {Towards real-time demand-aware sequential {POI} recommendation},
	volume = {547},
	journal = {Information Sciences},
	author = {Wang, Honglian and Li, Peiyan and Liu, Yang and Shao, Junming},
	month = feb,
	year = {2021},
	pages = {482--497}
}

@article{dau_multi-level_2021,
	title = {Multi-level attentive deep user-item representation learning for recommendation system},
	volume = {433},
	journal = {Neurocomputing},
	author = {Da'u, Aminu and Salim, Naomie and Idris, Rabiu},
	month = apr,
	year = {2021},
	pages = {119--130}
}

@inproceedings{luo_alicoco_2020,
	title = {{AliCoCo}: {Alibaba} {E}-commerce {Cognitive} {Concept} {Net}},
	//booktitle = {Proceedings of the 2020 {ACM} {SIGMOD} {International} {Conference} on {Management} of {Data}},
	booktitle = {SIGMOD},
	publisher = {ACM},
	author = {Luo, Xusheng and Liu, Luxin and Yang, Yonghua and Bo, Le and Cao, Yuanpeng and Wu, Jinghang and Li, Qiang and Yang, Keping and Zhu, Kenny Q.},
	year = {2020},
	pages = {313--327},
}


@inproceedings{chao_huang_knowledge-aware_2021,
	title = {Knowledge-{Aware} {Coupled} {Graph} {Neural} {Network} for {Social} {Recommendation}},
	booktitle = {AAAI},
	publisher = {AAAI},
	author = {Huang, Chao and Xu, Huance and Xu, Yong and Dai, Peng and Xia, Lianghao and Lu, Mengyin and Bo, Liefeng and Xing, Hao and Lai, Xiaoping and Ye, Yanfang },
	year = {2021}
}
