%======MTR
@article{housing14,
	title={Railway Development Strategy},
	author={{Transport and Housing Bureau}},
	journal={HKSAR Government},
	year={2014}
}

@article{transport17,
	title={Public Transport Strategy Study},
	author={{Transport Department}},
	journal={HKSAR Government},
	year={2017}
}




%======Task diversity, affinity

@ARTICLE{Chekuri06apolynomial,
    author = {Chandra Chekuri and Sanjeev Khanna},
    title = {A polynomial time approximation scheme for the multiple knapsack problem},
    journal = {SIAM J. COMPUT},
    year = {2006},
    volume = {38},
    number = {3},
    pages = {1}
}

@article{DBLP:journals/tkde/AlsayasnehAGLPB18,
  author    = {Maha Alsayasneh and
               Sihem Amer{-}Yahia and
               {\'{E}}ric Gaussier and
               Vincent Leroy and
               Julien Pilourdault and
               Ria Mae Borromeo and
               Motomichi Toyama and
               Jean{-}Michel Renders},
  title     = {Personalized and Diverse Task Composition in Crowdsourcing},
  journal   = {{IEEE} Trans. Knowl. Data Eng.},
  volume    = {30},
  number    = {1},
  pages     = {128--141},
  year      = {2018}
}

@inproceedings{CIT16,
  title={Chain reactions: The impact of order on microtask chains},
  author={Cai, Carrie J and Iqbal, Shamsi T and Teevan, Jaime},
  booktitle={Proceedings of the 2016 CHI Conference on Human Factors in Computing Systems},
  pages={3143--3154},
  year={2016},
  organization={ACM}
}

@inproceedings{AOB+15,
author = {Amer-Yahia, Sihem and Omidvar-Tehrani, Behrooz and Basu Roy, Senjuti and Shabib, Nafiseh},
year = {2015},
month = {03},
pages = {},
booktitle = {EDBT},
title = {Group Recommendation with Temporal Affinities},
doi = {10.5441/002/edbt.2015.37}
}

@inproceedings{EWA+19,
  title={Optimizing Peer Learning in Online Groups with Affinities},
  author={Esfandiari, Mohammadreza and Wei, Dong and Amer-Yahia, Sihem and Basu Roy, Senjuti},
  booktitle={Proceedings of the 25th ACM SIGKDD International Conference on Knowledge Discovery \& Data Mining},
  pages={1216--1226},
  year={2019}
}

%====== Platform-centric, process-centric

@article{WHL18,
  title={Exploring trade-offs between learning and productivity in crowdsourced history},
  author={Wang, Nai-Ching and Hicks, David and Luther, Kurt},
  journal={Proceedings of the ACM on Human-Computer Interaction},
  volume={2},
  number={CSCW},
  pages={1--24},
  year={2018},
  publisher={ACM New York, NY, USA}
}

@inproceedings{MHG15,
   title={Comparing person-and process-centric strategies for obtaining quality data on amazon mechanical turk},
   author={Mitra, Tanushree and Hutto, Clayton J and Gilbert, Eric},
   booktitle={Proceedings of the 33rd Annual ACM Conference on Human Factors in Computing Systems},
   pages={1345--1354},
   year={2015}
}

%==========Scaffolding general

@inproceedings{BRK+13,
  title={The zones of proximal flow: guiding students through a space of computational thinking skills and challenges},
  author={Basawapatna, Ashok R and Repenning, Alexander and Koh, Kyu Han and Nickerson, Hilarie},
  booktitle={Proceedings of the ninth annual international ACM conference on International computing education research},
  pages={67--74},
  year={2013}
}

@inproceedings{MAT17,
    title={Adaptation and Personalization principles based on MaThiSiS findings},
    author={Mohammad Taheri and Nasser Sherkat and Nick Shopland and Dorothea Tsatsou and Nicholas Vretos, Enrique Hortal and Christos Athanasiadis and Penny Standen},
    booktitle={Public report on Managing Affective-learning THrough Intelligent atoms and Smart InteractionS project},
    year={2017}
}
%====Education
@inproceedings{JSB18,
  title={A Review on Crowdsourcing for Education: State of the Art of Literature and Practice.},
  author={Jiang, Yuchao and Schlagwein, Daniel and Benatallah, Boualem},
  booktitle={PACIS},
  pages={180},
  year={2018}
}

@article{PSC19,
  title={CROWDSOURCING FOR EDUCATION: LITERATURE REVIEW, CONCEPTUAL FRAMEWORK, AND RESEARCH AGENDA},
  author={Prester, Julian and Schlagwein, Daniel and Cecez-Kecmanovic, Dubravka},
  year={2019}
}

%====learning

@article{AND11,
  title={Crowdsourcing higher education: A design proposal for distributed learning},
  author={Anderson, Michael},
  journal={MERLOT Journal of Online Learning and Teaching},
  volume={7},
  number={4},
  pages={576--590},
  year={2011}
}

@inproceedings{PR14,
  title={Crowdlearning: An incentive-based learning platform for crowd},
  author={Padhariya, Nilesh and Raichura, Kshama},
  booktitle={2014 Seventh International Conference on Contemporary Computing (IC3)},
  pages={44--49},
  year={2014},
  organization={IEEE}
}

@inproceedings{DMB+14,
  title={Combining crowdsourcing and learning to improve engagement and performance},
  author={Dontcheva, Mira and Morris, Robert R and Brandt, Joel R and Gerber, Elizabeth M},
  booktitle={Proceedings of the SIGCHI Conference on Human Factors in Computing Systems},
  pages={3379--3388},
  year={2014}
}

@inproceedings{GEG15,
   title={Critiki: A scaffolded approach to gathering design feedback from paid crowdworkers},
   author={Greenberg, Michael D and Easterday, Matthew W and Gerber, Elizabeth M},
   booktitle={Proceedings of the 2015 ACM SIGCHI Conference on Creativity and Cognition},
   pages={235--244},
   year={2015}
}

@inproceedings{YLK+16,
  title={Almost an expert: The effects of rubrics and expertise on perceived value of crowdsourced design critiques},
  author={Yuan, Alvin and Luther, Kurt and Krause, Markus and Vennix, Sophie Isabel and Dow, Steven P and Hartmann, Bjorn},
  booktitle={Proceedings of the 19th ACM Conference on Computer-Supported Cooperative Work \& Social Computing},
  pages={1005--1017},
  year={2016}
}

@inproceedings{KGS+17,
  title={Critique style guide: Improving crowdsourced design feedback with a natural language model},
  author={Krause, Markus and Garncarz, Tom and Song, JiaoJiao and Gerber, Elizabeth M and Bailey, Brian P and Dow, Steven P},
  booktitle={Proceedings of the 2017 CHI Conference on Human Factors in Computing Systems},
  pages={4627--4639},
  year={2017}
}

@article{KKS13,
  title={The effect of worked examples when learning to write essays in English literature},
  author={Kyun, Suna and Kalyuga, Slava and Sweller, John},
  journal={The Journal of Experimental Education},
  volume={81},
  number={3},
  pages={385--408},
  year={2013},
  publisher={Taylor \& Francis}
}

@inproceedings{SSL+16,
  title={Atelier: Repurposing expert crowdsourcing tasks as micro-internships},
  author={Suzuki, Ryo and Salehi, Niloufar and Lam, Michelle S and Marroquin, Juan C and Bernstein, Michael S},
  booktitle={Proceedings of the 2016 CHI Conference on Human Factors in Computing Systems},
  pages={2645--2656},
  year={2016}
}

@inproceedings{KSC+17,
  title={Mechanical novel: Crowdsourcing complex work through reflection and revision},
  author={Kim, Joy and Sterman, Sarah and Cohen, Allegra Argent Beal and Bernstein, Michael S},
  booktitle={Proceedings of the 2017 ACM Conference on Computer Supported Cooperative Work and Social Computing},
  pages={233--245},
  year={2017}
}

@inproceedings{BWB+17,
author = {Bigham, Jeffrey P. and Williams, Kristin and Banerjee, Nila and Zimmerman, John},
title = {Scopist: Building a Skill Ladder into Crowd Transcription},
year = {2017},
isbn = {9781450349000},
publisher = {Association for Computing Machinery},
address = {New York, NY, USA},
url = {https://doi.org/10.1145/3058555.3058562},
doi = {10.1145/3058555.3058562},
booktitle = {Proceedings of the 14th Web for All Conference on The Future of Accessible Work},
articleno = {Article 2},
numpages = {10},
keywords = {novice to expert transition, text-entry, stenography, Crowdsourcing, worker training, crowd work},
location = {Perth, Western Australia, Australia},
series = {W4A â€™17}
}
  

@inproceedings{DKB19,
  title={Not Everyone Writes Good Examples but Good Examples Can Come from Anywhere},
  author={Doroudi, Shayan and Kamar, Ece and Brunskill, Emma},
  booktitle={Proceedings of the AAAI Conference on Human Computation and Crowdsourcing},
  volume={7},
  number={1},
  pages={12--21},
  year={2019}
}

@inproceedings{WKR+16,
  title={Axis: Generating explanations at scale with learnersourcing and machine learning},
  author={Williams, Joseph Jay and Kim, Juho and Rafferty, Anna and Maldonado, Samuel and Gajos, Krzysztof Z and Lasecki, Walter S and Heffernan, Neil},
  booktitle={Proceedings of the Third (2016) ACM Conference on Learning@ Scale},
  pages={379--388},
  year={2016}
}

@inproceedings{ZDK+14,
  title={Reviewing versus doing: Learning and performance in crowd assessment},
  author={Zhu, Haiyi and Dow, Steven P and Kraut, Robert E and Kittur, Aniket},
  booktitle={Proceedings of the 17th ACM conference on Computer supported cooperative work \& social computing},
  pages={1445--1455},
  year={2014}
}

@phdthesis{KIM15,
  title={Learnersourcing: improving learning with collective learner activity},
  author={Kim, Juho},
  year={2015},
  school={Massachusetts Institute of Technology}
}

@inproceedings{KNW+14,
  title={Crowdsourcing step-by-step information extraction to enhance existing how-to videos},
  author={Kim, Juho and Nguyen, Phu Tran and Weir, Sarah and Guo, Philip J and Miller, Robert C and Gajos, Krzysztof Z},
  booktitle={Proceedings of the SIGCHI Conference on Human Factors in Computing Systems},
  pages={4017--4026},
  year={2014}
}
@inproceedings{KMM+18,
  title={An empirical study on short-and long-term effects of self-correction in crowdsourced microtasks},
  author={Kobayashi, Masaki and Morita, Hiromi and Matsubara, Masaki and Shimizu, Nobuyuki and Morishima, Atsuyuki},
  booktitle={Sixth AAAI Conference on Human Computation and Crowdsourcing},
  year={2018}
}

@inproceedings{DKK+12,
  title={Shepherding the crowd yields better work},
  author={Dow, Steven and Kulkarni, Anand and Klemmer, Scott and Hartmann, Bj{\"o}rn},
  booktitle={Proceedings of the ACM 2012 conference on computer supported cooperative work},
  pages={1013--1022},
  year={2012}
}

@article{CKS18,
  title={Crowd Coach: Peer Coaching for Crowd Workers' Skill Growth},
  author={Chiang, Chun-Wei and Kasunic, Anna and Savage, Saiph},
  journal={Proceedings of the ACM on Human-Computer Interaction},
  volume={2},
  number={CSCW},
  pages={1--17},
  year={2018},
  publisher={ACM New York, NY, USA}
}

%=====scaffolding
@misc{Str17,
  title={Scaffolding Crowd Work: An Empirical Analysis of its Effects on Quality of Work},
  author={Streuer, Monika},
  year={2017}
}

%====training on physical work

@article{DLL+17,
  title={Lean Production Training for the Manufacturing Industry: Experiences from Karlstad Lean Factory},
  author={De Vin, Leo J and Jacobsson, Lasse and Odhe, JanErik and Wickberg, Anders},
  journal={Procedia Manufacturing},
  volume={11},
  pages={1019--1026},
  year={2017},
  publisher={Elsevier}
}

@article{SJ04,
  title={An examination of work-environment support factors affecting transfer of supervisory skills training to the workplace},
  author={Cromwell, Susan E and Kolb, Judith A},
  journal={Human resource development quarterly},
  volume={15},
  number={4},
  pages={449--471},
  year={2004},
  publisher={Wiley Online Library}
}

@article{LL89,
  title={Apprenticeship training in the workplace: Computer-coached practice environment as a new form of apprenticeship},
  author={Lajoie, Susanne P and Lesgold, Alan},
  journal={Machine-mediated learning},
  volume={3},
  number={1},
  pages={7--28},
  year={1989},
  publisher={Taylor \& Francis/Hemisphere Bristol, PA, USA}
}

@article{CBN88,
  title={Cognitive apprenticeship: Teaching the craft of reading, writing and mathematics},
  author={Collins, Allan and Brown, John Seely and Newman, Susan E},
  journal={Thinking: The Journal of Philosophy for Children},
  volume={8},
  number={1},
  pages={2--10},
  year={1988}
}

@article{KH13,
  title={Conceptual change during a serious game: Using a Lemniscate model to compare strategies in a physics game},
  author={Koops, Martijn and Hoevenaar, Martijn},
  journal={Simulation \& Gaming},
  volume={44},
  number={4},
  pages={544--561},
  year={2013},
  publisher={SAGE Publications Sage CA: Los Angeles, CA}
}

%======Retention, motivation
@inproceedings{GD17,
  title={Improving learning through achievement priming in crowdsourced information finding microtasks},
  author={Gadiraju, Ujwal and Dietze, Stefan},
  booktitle={Proceedings of the Seventh International Learning Analytics \& Knowledge Conference},
  pages={105--114},
  year={2017},
  organization={ACM}
}

@inproceedings{DCD+14,
  title={Scaling-up the crowd: Micro-task pricing schemes for worker retention and latency improvement},
  author={Difallah, Djellel Eddine and Catasta, Michele and Demartini, Gianluca and Cudr{\'e}-Mauroux, Philippe},
  booktitle={Second AAAI Conference on Human Computation and Crowdsourcing},
  year={2014}
}

@article{CAS89,
  author = {Cassidy, Anthony(Tony) and Lynn, Richard},
  year = {1989},
  month = {12},
  pages = {301-312},
  title = {A multifactorial approach to achievement motivation: The development of a comprehensive measure},
  volume = {62},
  journal = {Journal of Occupational Psychology}
}

@inproceedings{PAS+18,
  title={Task relevance and diversity as worker motivation in crowdsourcing},
  author={Pilourdault, Julien and Amer-Yahia, Sihem and Roy, Senjuti Basu and Lee, Dongwon},
  booktitle={2018 IEEE 34th International Conference on Data Engineering (ICDE)},
  pages={365--376},
  year={2018},
  organization={IEEE}
}

@inproceedings{PAL+17,
  title={Motivation-aware task assignment in crowdsourcing},
  author={Pilourdault, Julien and Amer-Yahia, Sihem and Lee, Dongwon and Roy, Senjuti},
  booktitle={EDBT},
  year={2017}
}

@inproceedings{HKF+17,
  title={A glimpse far into the future: Understanding long-term crowd worker quality},
  author={Hata, Kenji and Krishna, Ranjay and Fei-Fei, Li and Bernstein, Michael S},
  booktitle={Proceedings of the 2017 ACM Conference on Computer Supported Cooperative Work and Social Computing},
  pages={889--901},
  year={2017},
  organization={ACM}
}

%======Fatigue

@inproceedings{DRP+15,
  title={And now for something completely different: Improving crowdsourcing workflows with micro-diversions},
  author={Dai, Peng and Rzeszotarski, Jeffrey M and Paritosh, Praveen and Chi, Ed H},
  booktitle={Proceedings of the 18th ACM Conference on Computer Supported Cooperative Work \& Social Computing},
  pages={628--638},
  year={2015},
  organization={ACM}
}

@inproceedings{IH17,
  title={Crowdsourcing Go: Effect of worker situation on mobile crowdsourcing performance},
  author={Ikeda, Kazushi and Hoashi, Keiichiro},
  booktitle={Proceedings of the 2017 CHI Conference on Human Factors in Computing Systems},
  pages={1142--1153},
  year={2017}
}

@article{BPS+15,
  title={Increasing the reliability of crowdsourcing evaluations using online quality assessment},
  author={Burmania, Alec and Parthasarathy, Srinivas and Busso, Carlos},
  journal={IEEE Transactions on Affective Computing},
  volume={7},
  number={4},
  pages={374--388},
  year={2015},
  publisher={IEEE}
}



@INPROCEEDINGS{ZDG18,
  author={Y. {Zhang} and X. {Ding} and N. {Gu}},
  booktitle={2018 IEEE 22nd International Conference on Computer Supported Cooperative Work in Design ((CSCWD))},
  title={Understanding Fatigue and its Impact in Crowdsourcing},
  year={2018},
  volume={},
  number={},
  pages={57-62}
}

@inproceedings{RCP+13,
  title={Inserting micro-breaks into crowdsourcing workflows},
  author={Rzeszotarski, Jeffrey M and Chi, Ed and Paritosh, Praveen and Dai, Peng},
  booktitle={First AAAI Conference on Human Computation and Crowdsourcing},
  year={2013}
}

@inproceedings{KMS+18,
  title={Skill-and-stress-aware assignment of crowd-worker groups to task streams},
  author={Kumai, Katsumi and Matsubara, Masaki and Shiraishi, Yuhki and Wakatsuki, Daisuke and Zhang, Jianwei and Shionome, Takeaki and Kitagawa, Hiroyuki and Morishima, Atsuyuki},
  booktitle={Sixth AAAI Conference on Human Computation and Crowdsourcing},
  year={2018}
}




%========Collaborative task

@inproceedings{RRT+15,
  title={Task assignment optimization in collaborative crowdsourcing},
  author={Rahman, Habibur and Roy, Senjuti Basu and Thirumuruganathan, Saravanan and Amer-Yahia, Sihem and Das, Gautam},
  booktitle={2015 IEEE International Conference on Data Mining},
  pages={949--954},
  year={2015},
  organization={IEEE}
}

@article{lee2014collaborative,
  title={Collaborative learning in the workplace: Practical issues and concerns},
  author={Lee, Hyunkyung and Bonk, Curtis J},
  journal={International Journal of Advanced Corporate Learning (iJAC)},
  volume={7},
  number={2},
  pages={10--17},
  year={2014}
}

%====skill estimation
@inproceedings{BEW15,
  title={Learning on the job: Optimal instruction for crowdsourcing},
  author={Bragg, Jonathan and EDU, WASHINGTON and Weld, Daniel S},
  booktitle={ICML Workshop on Crowdsourcing and Machine Learning},
  year={2015}
}

@article{RTR+15,
  title={Worker skill estimation in team-based tasks},
  author={Rahman, Habibur and Thirumuruganathan, Saravanan and Roy, Senjuti Basu and Amer-Yahia, Sihem and Das, Gautam},
  journal={Proceedings of the VLDB Endowment},
  volume={8},
  number={11},
  pages={1142--1153},
  year={2015},
  publisher={VLDB Endowment}
}

%=======skill modelling

@inproceedings{ML13,
  title={From amateurs to connoisseurs: modeling the evolution of user expertise through online reviews},
  author={McAuley, Julian John and Leskovec, Jure},
  booktitle={Proceedings of the 22nd international conference on World Wide Web},
  pages={897--908},
  year={2013}
}

@inproceedings{UMK20,
  title={Toward Recommendation for Upskilling: Modeling Skill Improvement and Item Difficulty in Action Sequences},
  author={Umemoto, Kazutoshi and Milo, Tova and Kitsuregawa, Masaru},
  booktitle={2020 IEEE 36th International Conference on Data Engineering (ICDE)},
  pages={169--180},
  year={2020},
  organization={IEEE}
}

@inproceedings{GON15,
  title={Modeling skill acquisition over time with sequence and topic modeling},
  author={Gonz{\'a}lez-Brenes, Jos{\'e}},
  booktitle={Artificial Intelligence and Statistics},
  pages={296--305},
  year={2015}
}

%======== Dataset

@techreport{PSC+10,
	Author = {P. Welinder and S. Branson and T. Mita and C. Wah and F. Schroff and S. Belongie and P. Perona},
	Institution = {California Institute of Technology},
	Number = {CNS-TR-2010-001},
	Title = {{Caltech-UCSD Birds 200}},
	Year = {2010}
}


@article{VYG87,
  title={Zone of proximal development},
  author={Vygotsky, Lev},
  journal={Mind in society: The development of higher psychological processes},
  volume={5291},
  pages={157},
  year={1987},
  publisher={Harvard University Press Cambridge, MA}
}

@book{CSI75,
  title={Beyond boredom and anxiety: The experience of play in work and games.},
  author={Csikszentmihalyi, Mihaly},
  year={1975},
  publisher={Jossey-Bass}
}


%=====
@inproceedings{DCB+16,
  title={Microtalk: Using argumentation to improve crowdsourcing accuracy},
  author={Drapeau, Ryan and Chilton, Lydia B and Bragg, Jonathan and Weld, Daniel S},
  booktitle={Fourth AAAI Conference on Human Computation and Crowdsourcing},
  year={2016}
}

@article{BIL01,
  title={Learning through work: workplace affordances and individual engagement},
  author={Billett, Stephen},
  journal={Journal of workplace learning},
  year={2001},
  publisher={MCB UP Ltd}
}

@inproceedings{KSV11,
  title={More than fun and money. Worker Motivation in Crowdsourcing-A Study on Mechanical Turk.},
  author={Kaufmann, Nicolas and Schulze, Thimo and Veit, Daniel},
  booktitle={AMCIS},
  volume={11},
  number={2011},
  pages={1--11},
  year={2011},
  organization={Detroit, Michigan, USA}
}

@inproceedings{LLR+15,
  title={Ask the crowd: Scaffolding coordination and knowledge sharing in microtask programming},
  author={LaToza, Thomas D and Di Lecce, Arturo and Ricci, Fabio and Towne, W Ben and Van Der Hoek, Andr{\'e}},
  booktitle={2015 IEEE Symposium on Visual Languages and Human-Centric Computing (VL/HCC)},
  pages={23--27},
  year={2015},
  organization={IEEE}
}

@book{IRT,
  title={Item response theory: Parameter estimation techniques},
  author={Baker, Frank B and Kim, Seock-Ho},
  year={2004},
  publisher={CRC Press}
}

@inproceedings{SZ16,
  title={No oops, you wonâ€™t do it again: Mechanisms for self-correction in crowdsourcing},
  author={Shah, Nihar and Zhou, Dengyong},
  booktitle={International conference on machine learning},
  pages={1--10},
  year={2016}
}

@article{Bloom56,
  title={Taxonomy of educational objectives. Vol. 1: Cognitive domain},
  author={Bloom, Benjamin S},
  journal={New York: McKay},
  pages={20--24},
  year={1956}
}

@book{KA09,
  title={A taxonomy for learning, teaching, and assessing: A revision of Bloom's taxonomy of educational objectives},
  author={Krathwohl, David R and Anderson, Lorin W},
  year={2009},
  publisher={Longman}
}

@misc{sample,
			  author={SurveyMonkey},
			  title={Calculating the Number of Respondents You Need},
			  note={\newline\url{https://help.surveymonkey.com/articles/en_US/kb/How-many-respondents-do-I-need}},
}

@inproceedings{SHONAN20,
    author={{Participants of Shonan Future-of-Work Workshop}},
    title={Data Management Research and More: Making AI Machines Work for Humans in FoW},
    year={2020},
    booktitle={ACM SIGMOD Record (to appear)},
}

@inproceedings{te1,
  title={Graphs over time: densification laws, shrinking diameters and possible explanations},
  author={Leskovec, Jure and Kleinberg, Jon and Faloutsos, Christos},
  booktitle={SIGKDD},
  year={2005},
}

@article{srba2015dynamic,
  title={Dynamic group formation as an approach to collaborative learning support},
  author={Srba, Ivan and Bielikova, Maria},
  journal={TLT},
  year={2015},
  publisher={IEEE}
}

@article{te2,
  title={Flooding time of edge-markovian evolving graphs},
  author={Clementi, Andrea EF and others},
  journal={SIDMA},
  year={2010},
  publisher={SIAM}
}

@inproceedings{DBLP:conf/csedu/MontequinBFJ10,
  author    = {Vicente Rodr{\'{\i}}guez Montequ{\'{\i}}n and
               others},
  title     = {Using Myers-Briggs Type Indicator {(MBTI)} for Assessment Success
               of Student Groups in Project based Learning},
  booktitle = {{CSEDU}},
  year      = {2010}
}


@inproceedings{senjuti2,
  title={Task assignment optimization in collaborative crowdsourcing},
  author={Rahman, Habibur and others},
  booktitle={ICDM},
  year={2015}
}

@article{senjuti1,
  title={Task assignment optimization in knowledge-intensive crowdsourcing},
  author={Basu Roy, Senjuti and others},
  journal={VLDB},
  year={2015}
}




@article{group3,
  title={From community detection to community profiling},
  author={Cai, Hongyun and others},
  journal={VLDB},
  year={2017},
  publisher={VLDB Endowment}
}




@inproceedings{li2014social,
  title={On social event organization},
  author={Li, Keqian and Lu, Wei and Bhagat, Smriti and Lakshmanan, Laks VS and Yu, Cong},
  booktitle={SIGKDD},
  year={2014},
  organization={ACM}
}




@book{MBTI,
  title={Myers-Briggs type indicator},
  author={Briggs, Katharine C},
  year={1976},
  publisher={Consulting Psychologists Press Palo Alto, CA}
}


@article{DBLP:journals/pvldb/RahmanTRAD15,
  author    = {Habibur Rahman and
               others},
  title     = {Worker Skill Estimation in Team-Based Tasks},
  journal   = {{PVLDB}},
  year      = {2015}
}

@inproceedings{rahman2015task,
  title={Task assignment optimization in collaborative crowdsourcing},
  author={Rahman, Habibur and others},
  booktitle={ICDM},
  year={2015},
  organization={IEEE}
}

@inproceedings{yan2014two,
  title={Are two heads better than one? crowdsourced translation via a two-step collaboration of non-professional translators and editors},
  author={Yan, Rui and others},
  booktitle={Proceedings of the 52nd Annual Meeting of the Association for Computational Linguistics (Volume 1: Long Papers)},
  year={2014}
}

@article{fagin2003optimal,
  title={Optimal aggregation algorithms for middleware},
  author={Fagin, Ronald and Lotem, Amnon and Naor, Moni},
  journal={JCSS},
  year={2003},
  publisher={Elsevier}
}

@inproceedings{agar1,
  author    = {Rakesh Agrawal and
               Sharad Nandanwar and
               Narasimha Murty Musti},
  title     = {Grouping Students for Maximizing Learning from Peers},
  booktitle = {EDM},
  year      = {2017}
}
@inproceedings{basu2015group,
  title={From group recommendations to group formation},
  author={Basu Roy, Senjuti and Lakshmanan, Laks VS and Liu, Rui},
  booktitle={SIGMOD},
  year={2015},
}

@article{partition,
  title={Partitioning a graph into connected components with fixed centers and optimizing cost-based objective functions or equipartition criteria},
  author={Lari, Isabella and others},
  journal={Networks},
  year={2016},
  publisher={Wiley Online Library}
}


@article{agar2,
  title={Toward data-driven design of educational courses: A feasibility study},
  author={Agrawal, Rakesh and Golshan, Behzad and Papalexakis, Evangelos},
  journal={EDM},
  year={2016}
  }

  @inproceedings{agar3,
  title={Grouping students in educational settings},
  author={Agrawal, Rakesh and Golshan, Behzad and Terzi, Evimaria},
  booktitle={SIGKDD},
  year={2014},
}




@inproceedings{DBLP:conf/kdd/LappasLT09,
  author    = {Theodoros Lappas and
               Kun Liu and
               Evimaria Terzi},
  title     = {Finding a team of experts in social networks},
  booktitle = {SIGKDD},
  year      = {2009}
}

@inproceedings{DBLP:conf/www/AnagnostopoulosBCGL12,
  author    = {Aris Anagnostopoulos and
               others},
  title     = {Online team formation in social networks},
  booktitle = {WWW},
  year      = {2012}
}




@inproceedings{kompan2014social,
  title={Social Structure and Personality Enhanced Group Recommendation},
  author={Kompan, Michal and Bielikov{\'a}, M{\'a}ria},
  booktitle={EMPIRE},
  year={2014}
}

@inproceedings{gartrell2010enhancing,
  title={Enhancing group recommendation by incorporating social relationship interactions},
  author={Gartrell, Mike and others},
  booktitle={GROUP},
  year={2010},
}

@inproceedings{DBLP:conf/cscw/EvansDECRYA17,
  author    = {Sarah Evans and
               others},
  title     = {More Than Peer Production: Fanfiction Communities as Sites of Distributed
               Mentoring},
  booktitle = {CSCW},
  year      = {2017}
}



@article{kraft1988software,
  title={Algorithm 733: TOMP--Fortran modules for optimal control calculations},
  author={Kraft, Dieter},
  journal={TOMS},
  year={1994},
  publisher={ACM}
}


@book{stat,
  title={Multivariate statistical modelling based on generalized linear models},
  author={Fahrmeir, Ludwig and Tutz, Gerhard},
  year={2013},
  publisher={Springer Science \& Business Media}
}

@article{cohn1996active,
  title={Active learning with statistical models},
  author={Cohn, David A and Ghahramani, Zoubin and Jordan, Michael I},
  journal={Journal of artificial intelligence research},
  year={1996}
}



@inproceedings{engage1,
  title={Why stop now? predicting worker engagement in online crowdsourcing},
  author={Mao, Andrew and Kamar, Ece and Horvitz, Eric},
  booktitle={First AAAI Conference on Human Computation and Crowdsourcing},
  year={2013}
}

@article{engage2,
  title={Intervention strategies for increasing engagement in crowdsourcing: Platform, predictions, and experiments},
  author={Kamar, Ece and Horvitz, Eric and Bowyer, Alex and Miller, Grant},
  year={2016}
}



@article{forman2003extensive,
  title={An extensive empirical study of feature selection metrics for text classification},
  author={Forman, George},
  journal={Journal of machine learning research},
  volume={3},
  number={Mar},
  pages={1289--1305},
  year={2003}
}

@article{mead2010least,
  title={Least squares problems with inequality constraints as quadratic constraints},
  author={Mead, Jodi L and Renaut, Rosemary A},
  journal={Linear Algebra and its Applications},
  volume={432},
  number={8},
  pages={1936--1949},
  year={2010},
  publisher={Elsevier}
}


@article{brier1950verification,
  title={Verification of forecasts expressed in terms of probability},
  author={Brier, Glenn W},
  journal={Monthly weather review},
  volume={78},
  number={1},
  pages={1--3},
  year={1950}
}



@inproceedings{fan2015icrowd,
  title={iCrowd: An Adaptive Crowdsourcing Framework},
  author={Fan, Ju and others},
  booktitle={SIGMOD},
  year={2015}
}

@article{kohonen1998self,
  title={The self-organizing map},
  author={Kohonen, Teuvo},
  journal={Neurocomputing},
  volume={21},
  number={1},
  pages={1--6},
  year={1998},
  publisher={Elsevier}
}


@inproceedings{DBLP:conf/dbcrowd/RoyLTAD13,
  author    = {Senjuti Basu Roy and
               Ioanna Lykourentzou and
               Saravanan Thirumuruganathan and
               Sihem Amer{-}Yahia and
               Gautam Das},
  title     = {Crowds, not Drones: Modeling Human Factors in Interactive Crowdsourcing},
  booktitle = {DBCrowd},
  pages     = {39--42},
  year      = {2013}
}

@article{niculescu2006bayesian,
  title={Bayesian network learning with parameter constraints},
  author={Niculescu, Radu Stefan and Mitchell, Tom M and Rao, R Bharat},
  journal={Journal of Machine Learning Research},
  volume={7},
  number={Jul},
  pages={1357--1383},
  year={2006}
}

@inproceedings{ece,
  title={Signals in the Silence: Models of Implicit Feedback in a Recommendation System for Crowdsourcing.},
  author={Lin, Christopher H and Kamar, Ece and Horvitz, Eric},
  booktitle={AAAI},
  pages={908--915},
  year={2014}
}

@article{us,
  title={Feature based task recommendation in crowdsourcing with implicit observations},
  author={Rahman, Habibur and Joppa, Lucas and Roy, Senjuti Basu},
  journal={arXiv preprint arXiv:1602.03291},
  year={2016}
}


@article{de2007subset,
  title={Subset selection for matrices},
  author={De Hoog, FR and Mattheij, RMM},
  journal={Linear Algebra and its Applications},
  volume={422},
  number={2-3},
  pages={349--359},
  year={2007},
  publisher={Elsevier}
}


@book{bjorck1996numerical,
  title={Numerical methods for least squares problems},
  author={Bj{\"o}rck, {\AA}ke},
  year={1996},
  publisher={SIAM}
}

@article{stark1995bounded,
  title={Bounded-variable least-squares: an algorithm and applications},
  author={Stark, Philip B and Parker, Robert L},
  journal={Computational Statistics},
  volume={10},
  pages={129--129},
  year={1995},
  publisher={PHYSICA-VERLAG GMBH}
}



@article{avron2013faster,
  title={Faster subset selection for matrices and applications},
  author={Avron, Haim and Boutsidis, Christos},
  journal={SIAM Journal on Matrix Analysis and Applications},
  volume={34},
  number={4},
  pages={1464--1499},
  year={2013},
  publisher={SIAM}
}

@book{albert1972regression,
  title={Regression and the Moore-Penrose pseudoinverse},
  author={Albert, Arthur},
  year={1972},
  publisher={Elsevier}
}

@book{pukelsheim2006optimal,
  title={Optimal design of experiments},
  author={Pukelsheim, Friedrich},
  year={2006},
  publisher={SIAM}
}





@article{evans1989latent,
  title={Latent class analysis of two-way contingency tables by Bayesian methods},
  author={Evans, Michael J and Gilula, Zvi and Guttman, Irwin},
  journal={Biometrika},
  volume={76},
  number={3},
  pages={557--563},
  year={1989},
  publisher={Oxford University Press}
}

@article{dismuke2006ordinary,
  title={Ordinary least squares},
  author={Dismuke, Clara and Lindrooth, Richard},
  journal={Methods and Designs for Outcomes Research},
  volume={93},
  pages={93--104},
  year={2006},
  publisher={ASHP Bethesda}
}


@misc{crowdflowerTasks,
   title = "Crowdflower - Data For Everyone",
   howpublished = {\url{https://www.crowdflower.com/data-for-everyone/}},
 }



@inproceedings{DBLP:conf/cscw/ShawHC11,
  author    = {Aaron D. Shaw and
               others},
  title     = {Designing incentives for inexpert human raters},
  booktitle = {{CSCW}},
  year      = {2011},

}
@inproceedings{DBLP:conf/pods/GrozM15,
  author    = {Beno{\^{\i}}t Groz and
               Tova Milo},
  title     = {Skyline Queries with Noisy Comparisons},
  booktitle = {{PODS}},
  pages     = {185--198},
  year      = {2015}
}


@inproceedings{DBLP:conf/sigmod/GuoPG12,
  author    = {Stephen Guo and
               Aditya G. Parameswaran and
               Hector Garcia{-}Molina},
  title     = {So who won?: dynamic max discovery with the crowd},
  booktitle = {{SIGMOD} 2012},
  pages     = {385--396},
  year      = {2012}
}

@article{DBLP:journals/tods/DavidsonKMR14,
  author    = {Susan B. Davidson and
               Sanjeev Khanna and
               Tova Milo and
               Sudeepa Roy},
  title     = {Top-k and Clustering with Noisy Comparisons},
  journal   = {{ACM TODS}},
  volume    = {39},
  number    = {4},
  pages     = {35:1--35:39},
  year      = {2014}
}


@proceedings{DBLP:conf/edbt/2017,
  editor    = {Volker Markl and
               Salvatore Orlando and
               Bernhard Mitschang and
               Periklis Andritsos and
               Kai{-}Uwe Sattler and
               Sebastian Bre{\ss}},
  title     = {EDBT},
  year      = {2017}
}


@inproceedings{DBLP:conf/webdb/PolychronopoulosADGP13,
  author    = {Vassilis Polychronopoulos and
               Luca de Alfaro and
               James Davis and
               Hector Garcia{-}Molina and
               Neoklis Polyzotis},
  title     = {Human-Powered Top-k Lists},
  booktitle = {WebDB},
  pages     = {25--30},
  year      = {2013}
}

@ARTICLE{bowman:reasoning,
    author = {Bowman, Mic and Debray, Saumya K. and Peterson, Larry L.},
    title = {Reasoning About Naming Systems},
    journal = {ACM Trans. Program. Lang. Syst.},
    volume = {15},
    number = {5},
    pages = {795-825},
    month = {November},
    year = {1993}
}

@inproceedings{kaufmann2011more,
  title={More than fun and money. Worker Motivation in Crowdsourcing-A Study on Mechanical Turk.},
  author={Kaufmann, Nicolas and Schulze, Thimo and Veit, Daniel},
  booktitle={AMCIS},
  volume={11},
  number={2011},
  pages={1--11},
  year={2011}
}

@article{amer2016human,
  title={Human factors in crowdsourcing},
  author={Amer-Yahia, Sihem and Roy, Senjuti Basu},
  journal={Proceedings of the VLDB Endowment},
  volume={9},
  number={13},
  pages={1615--1618},
  year={2016},
  publisher={VLDB Endowment}
}

@inproceedings{edbtMata,
  author    = {Julien Pilourdault and others},
  title     = {Motivation-Aware Task Assignment in Crowdsourcing},
  booktitle = {EDBT},
  year      = {2017},
}

@inproceedings{HoJV13,
  author    = {Chien{-}Ju Ho and
               others},
  title     = {Adaptive Task Assignment for Crowdsourced Classification},
  booktitle = {{ICML}},
  year      = {2013},

}

@inproceedings{HoV12,
  author    = {Chien{-}Ju Ho and
               Jennifer Wortman Vaughan},
  title     = {Online Task Assignment in Crowdsourcing Markets},
  booktitle = { {AAAI} },
  year      = {2012}

}

@inproceedings{ZhengWLCF15,
  author    = {Yudian Zheng and
               others},
  title     = {{QASCA:} {A} Quality-Aware Task Assignment System for Crowdsourcing
               Applications},
  booktitle = {{SIGMOD}},
  year      = {2015}

}

@book{koller2009probabilistic,
  title={Probabilistic graphical models: principles and techniques},
  author={Koller, Daphne and Friedman, Nir},
  year={2009},
  publisher={MIT press}
}

@inproceedings{margaritis2000bayesian,
  title={Bayesian network induction via local neighborhoods},
  author={Margaritis, Dimitris and Thrun, Sebastian},
  booktitle={Advances in neural information processing systems},
  pages={505--511},
  year={2000}
}

@article{fienberg1970iterative,
  title={An iterative procedure for estimation in contingency tables},
  author={Fienberg, Stephen E},
  journal={The Annals of Mathematical Statistics},
  pages={907--917},
  year={1970},
  publisher={JSTOR}
}

@article{fienberg1983iterative,
  title={Iterative proportional fitting},
  author={Fienberg, Stephen E and Meyer, Michael M},
  journal={Encyclopedia of Statistical Sciences},
  year={1983},
  publisher={Wiley Online Library}
}

@article{mottin2013probabilistic,
  title={A probabilistic optimization framework for the empty-answer problem},
  author={Mottin, Davide and Marascu, Alice and Roy, Senjuti Basu and Das, Gautam and Palpanas, Themis and Velegrakis, Yannis},
  journal={Proceedings of the VLDB Endowment},
  volume={6},
  number={14},
  pages={1762--1773},
  year={2013},
  publisher={VLDB Endowment}
}

@article{garey1972optimal,
  title={Optimal binary identification procedures},
  author={Garey, Michael R},
  journal={SIAM Journal on Applied Mathematics},
  volume={23},
  number={2},
  pages={173--186},
  year={1972},
  publisher={SIAM}
}




@inproceedings{CSCW17,
  author    = {Kenji Hata and others},
  title     = {A Glimpse Far into the Future: Understanding Long-term Crowd Worker Quality},
  booktitle = {CSCW},
  year      = {2017},
}

@article{DBLP:journals/vldb/RoyLTAD15,
  author    = {Senjuti Basu Roy and
               others},
  title     = {Task assignment optimization in knowledge-intensive crowdsourcing},
  journal   = {{VLDB} J.},
  year      = {2015}
}

@article{DBLP:journals/corr/abs-1210-0962,
  author    = {Dana Chandler and
               Adam Kapelner},
  title     = {Breaking Monotony with Meaning: Motivation in Crowdsourcing Markets},
  journal   = {CoRR},
  volume    = {abs/1210.0962},
  year      = {2012}
}

@inproceedings{DBLP:conf/cscw/DaiRPC15,
  author    = {Peng Dai and
               others},
  title     = {And Now for Something Completely Different: Improving Crowdsourcing
               Workflows with Micro-Diversions},
  booktitle = {ACM CSCW},
  year      = {2015}
}

@inproceedings{DBLP:conf/sigecom/HortonC10,
  author    = {John Joseph Horton and
               Lydia B. Chilton},
  title     = {The labor economics of paid crowdsourcing},
  booktitle = {ACM EC},
  pages     = {209--218},
  year      = {2010}
}

@inproceedings{KitturNBGSZLH13,
  author    = {Aniket Kittur and
               others},
  title     = {The future of crowd work},
  booktitle = {{CSCW}},
  year      = {2013}

}

@inproceedings{MartinHOG14,
  author    = {David B. Martin and
               others},
  title     = {Being a turker},
  booktitle = {{CSCW}},
  year      = {2014}

}

@inproceedings{BedersonQ11,
  author    = {Benjamin B. Bederson and
               Alexander J. Quinn},
  title     = {Web workers unite! addressing challenges of online laborers},
  booktitle = {{CHI}},
  pages     = {97--106},
  year      = {2011}

}

@inproceedings{RogstadiusKKSLV11,
  author    = {Jakob Rogstadius and
               others},
  title     = {An Assessment of Intrinsic and Extrinsic Motivation on Task Performance
               in Crowdsourcing Markets},
  booktitle = {ICWSM},
  year      = {2011}

}


@article{Hackman-Oldham1976,
  author    = {J. Hackman and G. R. Oldham},
  title     = {Motivation through the design of work: Test of a theory},
  journal   = {{Organizational Behavior and Human Performance}},
  year      = {1976}
}

@article{GaoP14,
  author    = {Yihan Gao and
               others},
  title     = {Finish Them!: Pricing Algorithms for Human Computation},
  journal   = {{PVLDB}},
  year      = {2014}

}

@inproceedings{DBLP:conf/aaai/FaradaniHI11,
  author    = {Siamak Faradani and
               others},
  title     = {What's the Right Price? Pricing Tasks for Finishing on Time},
  booktitle = {{AAAI}},
  year      = {2011}

}

@book{hildebrand1987introduction,
  title={Introduction to numerical analysis},
  author={Hildebrand, Francis Begnaud},
  year={1987},
  publisher={Courier Corporation}
}

@inproceedings{Irani2013,
  author    = {L. C. Irani and M. Silberman},
  title     = {Turkopticon: interrupting worker invisibility in amazon mechanical turk},
  booktitle = {{SIGCHI}},
  year      = {2013}
}

@inproceedings{anagnostopoulos2010power,
  title={Power in unity: forming teams in large-scale community systems},
  author={Anagnostopoulos, Aris and others},
  booktitle={CIKM},
  year={2010},
}

@inproceedings{majumder2012capacitated,
  title={Capacitated team formation problem on social networks},
  author={Majumder, Anirban and others},
  booktitle={SIGKDD},
  year={2012}
  }
  
@inproceedings{rangapuram2013towards,
  title={Towards realistic team formation in social networks based on densest subgraphs},
  author={Rangapuram and others},
  booktitle={WWW},
  year={2013}
}
@inproceedings{o2001polylens,
  title={PolyLens: a recommender system for groups of users},
  author={Oâ€™connor, Mark and Cosley, Dan and Konstan, Joseph A and Riedl, John},
  booktitle={ECSCW 2001},
  pages={199--218},
  year={2001},
  organization={Springer}
}

@inproceedings{masthoff2002modeling,
  title={Modeling a group of television viewers},
  author={Masthoff, Judith},
  booktitle={Proceedings of the Workshop Future tv, in Intelligent Tutoring Systems Conference},
  pages={34--42},
  year={2002}
}
@article{amer2009group,
  title={Group recommendation: Semantics and efficiency},
  author={Amer-Yahia, Sihem and Roy, Senjuti Basu and Chawlat, Ashish and Das, Gautam and Yu, Cong},
  journal={Proceedings of the VLDB Endowment},
  volume={2},
  number={1},
  pages={754--765},
  year={2009},
  publisher={VLDB Endowment}
}


@inproceedings{hu2014deep,
  title={Deep Modeling of Group Preferences for Group-Based Recommendation.},
  author={Hu, Liang and Cao, Jian and Xu, Guandong and Cao, Longbing and Gu, Zhiping and Cao, Wei},
  booktitle={AAAI},
  volume={14},
  pages={1861--1867},
  year={2014}
}

@article{slavin1980cooperative,
  title={Cooperative learning},
  author={Slavin, Robert E},
  journal={Review of educational research},
  volume={50},
  number={2},
  pages={315--342},
  year={1980},
  publisher={Sage Publications Sage CA: Thousand Oaks, CA}
}

@article{cohen1994restructuring,
  title={Restructuring the classroom: Conditions for productive small groups},
  author={Cohen, Elizabeth G},
  journal={Review of educational research},
  year={1994},
}

@inproceedings{daradoumis2002supporting,
  title={Supporting the composition of effective virtual groups for collaborative learning},
  author={Daradoumis, Thanasis and others},
  booktitle={ICCE},
  year={2002},
  organization={IEEE}
}
@incollection{o1990computer,
  title={Computer-supported collaborative learning: Problem solving and distance education},
  author={O'MALLEY, CLAIRE E and Scanlon, Eileen},
  booktitle={Computer Assisted Learning},
  pages={127--136},
  year={1990},
  publisher={Elsevier}
}

@article{ayala1998collaborative,
  title={A collaborative learning environment based on intelligent agents},
  author={Ayala, Gerardo and Yano, Yoneo},
  journal={Expert Systems with Applications},
  volume={14},
  number={1-2},
  pages={129--137},
  year={1998},
  publisher={Elsevier}
}
@inproceedings{de2000coached,
  title={A coached collaborative learning environment for entity-relationship modeling},
  author={de los Angeles Constantino-Gonzal{\'e}z, Mar{\'\i}a and Suthers, Daniel D},
  booktitle={International Conference on Intelligent Tutoring Systems},
  pages={324--333},
  year={2000},
  organization={Springer}
}
@article{soller2005mirroring,
  title={From mirroring to guiding: A review of state of the art technology for supporting collaborative learning},
  author={Soller, Amy and Mart{\'\i}nez, Alejandra and Jermann, Patrick and Muehlenbrock, Martin},
  journal={International Journal of Artificial Intelligence in Education},
  volume={15},
  number={4},
  pages={261--290},
  year={2005},
  publisher={IOS Press}
}

@inproceedings{DBLP:conf/kdd/EsfandiariWAR19,
  author    = {Mohammadreza Esfandiari and
               Dong Wei and
               Sihem Amer{-}Yahia and
               Senjuti Basu Roy},
  title     = {Optimizing Peer Learning in Online Groups with Affinities},
  booktitle = {Proceedings of the 25th {ACM} {SIGKDD} International Conference on
               Knowledge Discovery {\&} Data Mining, {KDD} 2019, Anchorage, AK,
               USA, August 4-8, 2019},
  pages     = {1216--1226},
  year      = {2019}
}

@inproceedings{DBLP:conf/sigmod/Stoica20,
  author    = {Ion Stoica},
  title     = {Systems and {ML:} When the Sum is Greater than Its Parts},
  booktitle = {Proceedings of the 2020 International Conference on Management of
               Data, {SIGMOD} Conference 2020, online conference [Portland, OR, USA],
               June 14-19, 2020},
  pages     = {1},
  year      = {2020}
}

@inproceedings{DBLP:conf/sigmod/KristoVCMK20,
  author    = {Ani Kristo and
               Kapil Vaidya and
               Ugur {\c{C}}etintemel and
               Sanchit Misra and
               Tim Kraska},
  title     = {The Case for a Learned Sorting Algorithm},
  booktitle = {Proceedings of the 2020 International Conference on Management of
               Data, {SIGMOD} Conference 2020, online conference [Portland, OR, USA],
               June 14-19, 2020},
  pages     = {1001--1016},
  year      = {2020}
}

@inproceedings{DBLP:conf/sigmod/KraskaBCDP18,
  author    = {Tim Kraska and
               Alex Beutel and
               Ed H. Chi and
               Jeffrey Dean and
               Neoklis Polyzotis},
  title     = {The Case for Learned Index Structures},
  booktitle = {Proceedings of the 2018 International Conference on Management of
               Data, {SIGMOD} Conference 2018, Houston, TX, USA, June 10-15, 2018},
  pages     = {489--504},
  year      = {2018}
}


@inproceedings{DBLP:conf/vldb/KiferBG04,
  author    = {Daniel Kifer and
               Shai Ben{-}David and
               Johannes Gehrke},
  title     = {Detecting Change in Data Streams},
  booktitle = {(e)Proceedings of the Thirtieth International Conference on Very Large
               Data Bases, {VLDB} 2004, Toronto, Canada, August 31 - September 3
               2004},
  pages     = {180--191},
  year      = {2004}
}


@inproceedings{ijcai2017-336,
  author    = {Ling Luo and Bin Li and Irena Koprinska and Shlomo Berkovsky and Fang Chen},
  title     = {Tracking the Evolution of Customer Purchase Behavior Segmentation via a Fragmentation-Coagulation Process},
  booktitle = {Proceedings of the Twenty-Sixth International Joint Conference on
               Artificial Intelligence, {IJCAI-17}},
  pages     = {2414--2420},
  year      = {2017}
}


 @article{miglausch2000thoughts,
  title={Thoughts on RFM Scoring},
  author={Miglausch John, R},
  journal={The Journal of Database Marketing},
  volume={8},
  number={1},
  pages={7},
  year={2000}
}


@inproceedings{10.1145/2983323.2983665,
author = {Luo, Ling and Li, Bin and Koprinska, Irena and Berkovsky, Shlomo and Chen, Fang},
title = {Discovering Temporal Purchase Patterns with Different Responses to Promotions},
year = {2016},
isbn = {9781450340731},
publisher = {ACM},
address = {New York, NY, USA},
doi = {10.1145/2983323.2983665},
booktitle = {Proceedings of the 25th ACM International on Conference on Information and Knowledge Management},
pages = {2197â€“2202},
numpages = {6}
location = {Indianapolis, Indiana, USA},
series = {CIKM â€™16}
}
  
%================================+Querying change

@article{mohebbi2011google,
  title={Google correlate whitepaper},
  author={Mohebbi, Matt and Vanderkam, Dan and Kodysh, Julia and Schonberger, Rob and Choi, Hyunyoung and Kumar, Sanjiv},
  year={2011}
}

@INPROCEEDINGS{7883518,  author={P. K. {Muthumanickam} and K. {Vrotsou} and M. {Cooper} and J. {Johansson}},  booktitle={2016 IEEE Conference on Visual Analytics Science and Technology (VAST)},   title={Shape grammar extraction for efficient query-by-sketch pattern matching in long time series},   year={2016},  volume={},  number={},  pages={121-130},}


@inproceedings{10.1145/1056808.1057017,
author = {Ryall, Kathy and Lesh, Neal and Lanning, Tom and Leigh, Darren and Miyashita, Hiroaki and Makino, Shigeru},
title = {QueryLines: Approximate Query for Visual Browsing},
year = {2005},
isbn = {1595930027},
publisher = {Association for Computing Machinery},
address = {New York, NY, USA},
url = {https://doi.org/10.1145/1056808.1057017},
doi = {10.1145/1056808.1057017},
booktitle = {CHI â€™05 Extended Abstracts on Human Factors in Computing Systems},
pages = {1765â€“1768},
numpages = {4},
keywords = {approximate query, visual query},
location = {Portland, OR, USA},
series = {CHI EA â€™05}
}
 
@article{DBLP:journals/corr/SiddiquiKLKP16,
  author    = {Tarique Siddiqui and
               Albert Kim and
               John Lee and
               Karrie Karahalios and
               Aditya G. Parameswaran},
  title     = {zenvisage: Effortless Visual Data Exploration},
  journal   = {CoRR},
  volume    = {abs/1604.03583},
  year      = {2016},
  url       = {http://arxiv.org/abs/1604.03583},
  archivePrefix = {arXiv},
  eprint    = {1604.03583},
  timestamp = {Mon, 13 Aug 2018 16:47:47 +0200},
  biburl    = {https://dblp.org/rec/journals/corr/SiddiquiKLKP16.bib},
  bibsource = {dblp computer science bibliography, https://dblp.org}
}

@inproceedings{DBLP:conf/chi/Wattenberg01,
  author    = {Martin Wattenberg},
  editor    = {Marilyn M. Tremaine},
  title     = {Sketching a graph to query a time-series database},
  booktitle = {{CHI} '01 Extended Abstracts on Human Factors in Computing Systems,
               {CHI} Extended Abstracts '01, Seattle, Washington, USA, March 31 -
               April 5, 2001},
  pages     = {381--382},
  publisher = {{ACM}},
  year      = {2001},
  url       = {https://doi.org/10.1145/634067.634292},
  doi       = {10.1145/634067.634292},
  timestamp = {Tue, 06 Nov 2018 16:58:53 +0100},
  biburl    = {https://dblp.org/rec/conf/chi/Wattenberg01.bib},
  bibsource = {dblp computer science bibliography, https://dblp.org}
}
  
    
@article{aris2005timesearcher,
  title={Timesearcher 2},
  author={Aris, A and Khella, A and Buono, P and Shneiderman, B and Plaisant, C},
  journal={Human-Computer Interaction Laboratory, Computer Science Department, University of Maryland},
  year={2005}
}

@inproceedings{DBLP:conf/sigmod/SiddiquiLWKP20,
  author    = {Tarique Siddiqui and
               Paul Luh and
               Zesheng Wang and
               Karrie Karahalios and
               Aditya G. Parameswaran},
  editor    = {David Maier and
               Rachel Pottinger and
               AnHai Doan and
               Wang{-}Chiew Tan and
               Abdussalam Alawini and
               Hung Q. Ngo},
  title     = {ShapeSearch: {A} Flexible and Efficient System for Shape-based Exploration
               of Trendlines},
  booktitle = {Proceedings of the 2020 International Conference on Management of
               Data, {SIGMOD} Conference 2020, online conference [Portland, OR, USA],
               June 14-19, 2020},
  pages     = {51--65},
  publisher = {{ACM}},
  year      = {2020},
  url       = {https://doi.org/10.1145/3318464.3389722},
  doi       = {10.1145/3318464.3389722},
  timestamp = {Sat, 06 Jun 2020 12:17:38 +0200},
  biburl    = {https://dblp.org/rec/conf/sigmod/SiddiquiLWKP20.bib},
  bibsource = {dblp computer science bibliography, https://dblp.org}
}

@inproceedings{DBLP:conf/sigmod/ManninoA18,
  author    = {Miro Mannino and
               Azza Abouzied},
  editor    = {Gautam Das and
               Christopher M. Jermaine and
               Philip A. Bernstein},
  title     = {Qetch: Time Series Querying with Expressive Sketches},
  booktitle = {Proceedings of the 2018 International Conference on Management of
               Data, {SIGMOD} Conference 2018, Houston, TX, USA, June 10-15, 2018},
  pages     = {1741--1744},
  publisher = {{ACM}},
  year      = {2018},
  url       = {https://doi.org/10.1145/3183713.3193547},
  doi       = {10.1145/3183713.3193547},
  timestamp = {Wed, 21 Nov 2018 12:44:08 +0100},
  biburl    = {https://dblp.org/rec/conf/sigmod/ManninoA18.bib},
  bibsource = {dblp computer science bibliography, https://dblp.org}
}

@inproceedings{DBLP:conf/vldb/AgrawalPWZ95,
  author    = {Rakesh Agrawal and
               Giuseppe Psaila and
               Edward L. Wimmers and
               Mohamed Za{\"{\i}}t},
  editor    = {Umeshwar Dayal and
               Peter M. D. Gray and
               Shojiro Nishio},
  title     = {Querying Shapes of Histories},
  booktitle = {VLDB'95, Proceedings of 21th International Conference on Very Large
               Data Bases, September 11-15, 1995, Zurich, Switzerland},
  pages     = {502--514},
  publisher = {Morgan Kaufmann},
  year      = {1995},
  url       = {http://www.vldb.org/conf/1995/P502.PDF},
  timestamp = {Tue, 20 Feb 2018 15:19:44 +0100},
  biburl    = {https://dblp.org/rec/conf/vldb/AgrawalPWZ95.bib},
  bibsource = {dblp computer science bibliography, https://dblp.org}
}

@inproceedings{DBLP:conf/sigmod/FaloutsosRM94,
  author    = {Christos Faloutsos and
               M. Ranganathan and
               Yannis Manolopoulos},
  editor    = {Richard T. Snodgrass and
               Marianne Winslett},
  title     = {Fast Subsequence Matching in Time-Series Databases},
  booktitle = {Proceedings of the 1994 {ACM} {SIGMOD} International Conference on
               Management of Data, Minneapolis, Minnesota, USA, May 24-27, 1994},
  pages     = {419--429},
  publisher = {{ACM} Press},
  year      = {1994},
  url       = {https://doi.org/10.1145/191839.191925},
  doi       = {10.1145/191839.191925},
  timestamp = {Sun, 02 Jun 2019 21:17:42 +0200},
  biburl    = {https://dblp.org/rec/conf/sigmod/FaloutsosRM94.bib},
  bibsource = {dblp computer science bibliography, https://dblp.org}
}

@inproceedings{DBLP:conf/vldb/GarofalakisRS99,
  author    = {Minos N. Garofalakis and
               Rajeev Rastogi and
               Kyuseok Shim},
  editor    = {Malcolm P. Atkinson and
               Maria E. Orlowska and
               Patrick Valduriez and
               Stanley B. Zdonik and
               Michael L. Brodie},
  title     = {{SPIRIT:} Sequential Pattern Mining with Regular Expression Constraints},
  booktitle = {VLDB'99, Proceedings of 25th International Conference on Very Large
               Data Bases, September 7-10, 1999, Edinburgh, Scotland, {UK}},
  pages     = {223--234},
  publisher = {Morgan Kaufmann},
  year      = {1999},
  url       = {http://www.vldb.org/conf/1999/P22.pdf},
  timestamp = {Thu, 12 Mar 2020 11:33:59 +0100},
  biburl    = {https://dblp.org/rec/conf/vldb/GarofalakisRS99.bib},
  bibsource = {dblp computer science bibliography, https://dblp.org}
}

@inproceedings{DBLP:conf/vldb/AgrawalLSS95,
  author    = {Rakesh Agrawal and
               King{-}Ip Lin and
               Harpreet S. Sawhney and
               Kyuseok Shim},
  editor    = {Umeshwar Dayal and
               Peter M. D. Gray and
               Shojiro Nishio},
  title     = {Fast Similarity Search in the Presence of Noise, Scaling, and Translation
               in Time-Series Databases},
  booktitle = {VLDB'95, Proceedings of 21th International Conference on Very Large
               Data Bases, September 11-15, 1995, Zurich, Switzerland},
  pages     = {490--501},
  publisher = {Morgan Kaufmann},
  year      = {1995},
  url       = {http://www.vldb.org/conf/1995/P490.PDF},
  timestamp = {Tue, 20 Feb 2018 15:19:44 +0100},
  biburl    = {https://dblp.org/rec/conf/vldb/AgrawalLSS95.bib},
  bibsource = {dblp computer science bibliography, https://dblp.org}
}

@article{DBLP:journals/corr/abs-1904-09262,
  author    = {Hagit Shatkay and
               Stanley B. Zdonik},
  title     = {Approximate Queries and Representations for Large Data Sequences},
  journal   = {CoRR},
  volume    = {abs/1904.09262},
  year      = {2019},
  url       = {http://arxiv.org/abs/1904.09262},
  archivePrefix = {arXiv},
  eprint    = {1904.09262},
  timestamp = {Fri, 26 Apr 2019 13:18:53 +0200},
  biburl    = {https://dblp.org/rec/journals/corr/abs-1904-09262.bib},
  bibsource = {dblp computer science bibliography, https://dblp.org}
}
@inproceedings{DBLP:conf/vldb/AgrawalPWZ95,
  author    = {Rakesh Agrawal and
               Giuseppe Psaila and
               Edward L. Wimmers and
               Mohamed Za{\"{\i}}t},
  editor    = {Umeshwar Dayal and
               Peter M. D. Gray and
               Shojiro Nishio},
  title     = {Querying Shapes of Histories},
  booktitle = {VLDB'95, Proceedings of 21th International Conference on Very Large
               Data Bases, September 11-15, 1995, Zurich, Switzerland},
  pages     = {502--514},
  publisher = {Morgan Kaufmann},
  year      = {1995},
  url       = {http://www.vldb.org/conf/1995/P502.PDF},
  timestamp = {Tue, 20 Feb 2018 15:19:44 +0100},
  biburl    = {https://dblp.org/rec/conf/vldb/AgrawalPWZ95.bib},
  bibsource = {dblp computer science bibliography, https://dblp.org}
}

@inproceedings{DBLP:conf/sigmod/EichmannSTZ19,
  author    = {Philipp Eichmann and
               Franco Solleza and
               Nesime Tatbul and
               Stan Zdonik},
  editor    = {Peter A. Boncz and
               Stefan Manegold and
               Anastasia Ailamaki and
               Amol Deshpande and
               Tim Kraska},
  title     = {Visual Exploration of Time Series Anomalies with Metro-Viz},
  booktitle = {Proceedings of the 2019 International Conference on Management of
               Data, {SIGMOD} Conference 2019, Amsterdam, The Netherlands, June 30
               - July 5, 2019},
  pages     = {1901--1904},
  publisher = {{ACM}},
  year      = {2019},
  url       = {https://doi.org/10.1145/3299869.3320247},
  doi       = {10.1145/3299869.3320247},
  timestamp = {Sat, 22 Jun 2019 17:10:04 +0200},
  biburl    = {https://dblp.org/rec/conf/sigmod/EichmannSTZ19.bib},
  bibsource = {dblp computer science bibliography, https://dblp.org}
}

@inproceedings{DBLP:conf/sigmod/NeamtuALNRS17,
  author    = {Rodica Neamtu and
               Ramoza Ahsan and
               Charles Lovering and
               Cuong Nguyen and
               Elke A. Rundensteiner and
               G{\'{a}}bor N. S{\'{a}}rk{\"{o}}zy},
  editor    = {Semih Salihoglu and
               Wenchao Zhou and
               Rada Chirkova and
               Jun Yang and
               Dan Suciu},
  title     = {Interactive Time Series Analytics Powered by {ONEX}},
  booktitle = {Proceedings of the 2017 {ACM} International Conference on Management
               of Data, {SIGMOD} Conference 2017, Chicago, IL, USA, May 14-19, 2017},
  pages     = {1595--1598},
  publisher = {{ACM}},
  year      = {2017},
  url       = {https://doi.org/10.1145/3035918.3058729},
  doi       = {10.1145/3035918.3058729},
  timestamp = {Tue, 06 Nov 2018 11:07:39 +0100},
  biburl    = {https://dblp.org/rec/conf/sigmod/NeamtuALNRS17.bib},
  bibsource = {dblp computer science bibliography, https://dblp.org}
}

@inproceedings{DBLP:conf/www/Amer-YahiaKKLZ17,
  author    = {Sihem Amer{-}Yahia and
               Sofia Kleisarchaki and
               Naresh Kumar Kolloju and
               Laks V. S. Lakshmanan and
               Ruben H. Zamar},
  title     = {Exploring Rated Datasets with Rating Maps},
  booktitle = {Proceedings of the 26th International Conference on World Wide Web,
               {WWW} 2017, Perth, Australia, April 3-7, 2017},
  pages     = {1411--1419},
  year      = {2017}
}


@article{DBLP:journals/is/LeroyKTA17,
  author    = {Vincent Leroy and
               Martin Kirchgessner and
               Alexandre Termier and
               Sihem Amer{-}Yahia},
  title     = {TopPI: An efficient algorithm for item-centric mining},
  journal   = {Inf. Syst.},
  volume    = {64},
  pages     = {104--118},
  year      = {2017}
}

