@PREAMBLE{ {\providecommand{\noopsort}[1]{}} }

@String { AAAI          = {Proceedings of the AAAI Conference on Artificial Intelligence (AAAI)} }
@String { AAW           = {Reading, MA, USA} }
@String { ADBIS         = {Advances in Databases and Information Systems (ADBIS)} }
@String { ADDR-MITPRESS = {Cambridge, MA, USA} }
@String { AI            = {Artificial Intelligence} }
@String { AIMAG         = {AI Magazine} }
@String { AMG           = {New York, NY} }
@String { AMK           = {San Francisco, CA, USA} }
@String { APH           = {Englewood Cliffs, NJ, USA} }
@String { ASP           = {Berlin -- Heidelberg -- New York} }
@String { AW            = {Addison-Wesley} }
@String { BTW           = {Proceedings of the Conference Datenbanksysteme in B\"uro, Technik und Wissenschaft (BTW)} } 
@String { BTW2          = {Proceedings of the Conference Datenbanksysteme in Business, Technologie und Web Technik (BTW)} }
@String { CACM          = {Communications of the ACM} }
@String { CAISE         = {Proceedings of the Conference on Advanced Information Systems Engineering (CAiSE)} }
@String { CIDR          = {Proceedings of the Conference on Innovative Data Systems Research (CIDR)} }
@String { CIKM          = {Proceedings of the International Conference on Information and Knowledge Management (CIKM)} }
@String { COMAD         = {Proceedings of the International Conference on Management of Data (COMAD)} }
@String { COOPIS        = {Proceedings of the International Conference on Cooperative Information Systems (CoopIS)} }
@String { CSUR          = {ACM Computing Surveys} }
@String { DASFAA        = {Proceedings of the International Conference on Database Systems for Advanced Applications (DASFAA)} }
@String { DBISP2P       = {Proceedings of the International Workshop on Databases, Information Systems and Peer-to-Peer Computing (DBISP2P)} }
@String { DBPL          = {Proceedings of the International Workshop on Database Programming Languages} }
@String { DBSPEKTRUM    = {Datenbank Spektrum} }
@String { DE            = {IEEE Data Engineering Bulletin} }
@String { DEXA          = {Proceedings of the International Conference on Database and Expert Systems Applications (DEXA)} }
@String { DILS          = {Proceedings of the International Workshop on Data Integration for the Life Sciences (DILS)} }
@String { DKE           = {Data and Knowledge Engineering (DKE)} }
@String { DMKD          = {Data Mining and Knowledge Discovery} }
@String { DOOD          = {Proceedings of the International Conference on Deductive and Object-Oriented Databases (DOOD)} }
@String { DPUNKT        = {dpunkt.verlag, Heidelberg} }
@String { DQCIS         = {Proceedings of the International Workshop on Data Quality in Cooperative Information Systsems (DQCIS)} }
@String { EDBT          = {Proceedings of the International Conference on Extending Database Technology (EDBT)} }
@String { EFIS          = {Proceedings of the International Workshop on Engineering Federated Information Systems (EFIS)} }
@String { ER            = {Proceedings of the International Conference on Conceptual Modeling (ER)} }
@String { ESWC          = {Proceedings of the Extended Semantic Web Conference (ESWC)} }
@String { FDBS          = {Proceedings of the Workshop F\"oderierte Datenbanken (FDBS)} }
@String { FOCS          = {Proceedings of the Symposium on Foundations of Computer Science} }
@String { FQAS          = {Proceedings of the International Conference on Flexible Query Answering Systems (FQAS)} }
@String { ICDAR          = {Proceedings of the IAPR International Conference on
    Document Analysis and Recognition (ICDAR)} }
@String { ICDE          = {Proceedings of the International Conference on Data Engineering (ICDE)} }
@String { ICDM          = {Proceedings of the International Conference on Data Mining (ICDM)} }
@String { ICDT          = {Proceedings of the International Conference on Database Theory (ICDT)} }
@String { ICML			= {{Proceedings of the International Conference on Machine Learning} }}
@String { ICSE          = {Proceedings of the International Conference on Software Engineering (ICSE)} }
@String { IDEAS         = {Proceedings of the International Database Engineering and Applications Symposium (IDEAS)} }
@String { IIS           = {Journal of Intelligent Information Systems} }
@String { IIWEB         = {Proceedings of the International Workshop on Information Integration on the Web (IIWeb)} }
@String { IJCAI         = {Proceedings of the International Joint Conference on Artificial Intelligence (IJCAI)} }
@String { IQ            = {Proceedings of the International Conference on Information Quality (ICIQ)} }
@String { IQIS          = {Proceedings of the SIGMOD International Workshop on Information Quality for Information Systems (IQIS)} }
@String { IS            = {Information Systems (IS)} }
@String { ISWC          = {Proceedings of the International Semantic Web Conference (ISWC)} }
@String { JACM          = {Journal of the ACM} }
@String { JDIGLIB       = {Journal of Digital Libraries} }
@String { JDIQ          = {Journal on Data and Information Quality} }
@String { JMOLBIOL      = {Journal of Molecular Biology} }
@String { JWS           = {Journal of Web Semantics} }
@String { KRDB          = {Proceedings of the International Workshop on Knowledge Represenation Meets Databases (KRDB)} }
@String { LDOW          = {Proceedings of the Linked Data on the Web Workshop (LDOW)} }
@String { MG            = {McGraw-Hill, Inc.} }
@String { MIT           = {MIT Press} }
@String { MK            = {Morgan Kaufmann} }
@String { NTII          = {Proceedings of the International Workshop on New Trends in Information Integration (NTII)} }
@String { PDIS          = {Proceeding of the IEEE International Conference on Parallel and Distributed Information Systems(PDIS)} }
@String { PH            = {Prentice-Hall} }
@String { PKDD          = {European Conference on Principles of Data Mining and Knowledge Discovery (PKDD)} }
@String { PNAS          = {Proceedings of the National Academy of Sciences (PNAS)} }
@String { PODS          = {Proceedings of the Symposium on Principles of Database Systems (PODS)} }
@String { PVLDB         = {PVLDB} }
@String { QDB           = {Proceedings of the International Workshop on Quality in Databases (QDB)} }
@String { RIDE          = {Proceedings of the International Workshop on Research Issues in Data Engineering (RIDE)} }
@String { SCIENCE       = {Science} }
@String { SIAMJC        = {SIAM Journal on Computing} }
@String { SIGIR         = {Proceedings of the International Conference on Information retrieval (SIGIR)} }
@String { SIGKDD        = {Proceedings of the International Conference on Knowledge Discovery and Data Mining (SIGKDD)} }
@String { SIGMOD        = {Proceedings of the International Conference on Management of Data (SIGMOD)} }
@String { SIGMODREC     = {SIGMOD Record} }
@String { SP            = {Springer Verlag} }
@String { SSDBM         = {Proceedings of the International Conference on Scientific and Statistical Database Management (SSDBM)} }
@String { STOC          = {Proceedings of the ACM Symposium on Theory of Computing (STOC)} }
@String { TAGT          = {Proceedings of the International Workshop on Theory and Application of Graph Transformations (TAGT)} }
@String { TKDD          = {ACM Transactions on Knowledge Discovery from Data (TKDD)} }
@String { TKDE          = {IEEE Transactions on Knowledge and Data Engineering (TKDE)} }
@String { TODS          = {ACM Transactions on Database Systems (TODS)} }
@String { TOIS          = {ACM Transactions on Information Systems (TOIS)} }
@String { VDB           = {Proceedings of the International Conference on Visual Database Systems (VDB)} }
@String { VLDB          = {Proceedings of the International Conference on Very Large Databases (VLDB)} }
@String { VLDBJ         = {VLDB Journal} }
@String { WEBDB         = {Proceedings of the ACM SIGMOD Workshop on the Web and Databases (WebDB)} }
@String { WISE          = {Proceedings of the International Conference on Web Information Systems Engineering (WISE)} }
@String { WITS          = {Proceedings of the Workshop on Information Technologies and Systems (WITS)} }
@String { WWW           = {Proceedings of the International World Wide Web Conference (WWW)} }




@inproceedings{NEURIPS2020_1457c0d6,
 author = {Brown, Tom and Mann, Benjamin and Ryder, Nick and Subbiah, Melanie and Kaplan, Jared D and Dhariwal, Prafulla and Neelakantan, Arvind and Shyam, Pranav and Sastry, Girish and Askell, Amanda and Agarwal, Sandhini and Herbert-Voss, Ariel and Krueger, Gretchen and Henighan, Tom and Child, Rewon and Ramesh, Aditya and Ziegler, Daniel and Wu, Jeffrey and Winter, Clemens and Hesse, Chris and Chen, Mark and Sigler, Eric and Litwin, Mateusz and Gray, Scott and Chess, Benjamin and Clark, Jack and Berner, Christopher and McCandlish, Sam and Radford, Alec and Sutskever, Ilya and Amodei, Dario},
 booktitle = {Advances in Neural Information Processing Systems},
 editor = {H. Larochelle and M. Ranzato and R. Hadsell and M. F. Balcan and H. Lin},
 pages = {1877--1901},
 publisher = {Curran Associates, Inc.},
 title = {Language Models are Few-Shot Learners},
 url = {https://proceedings.neurips.cc/paper/2020/file/1457c0d6bfcb4967418bfb8ac142f64a-Paper.pdf},
 volume = {33},
 year = {2020}
}

@article{fairness,
author = {Mehrabi, Ninareh and Morstatter, Fred and Saxena, Nripsuta and Lerman, Kristina and Galstyan, Aram},
title = {A Survey on Bias and Fairness in Machine Learning},
year = {2021},
issue_date = {July 2021},
publisher = {Association for Computing Machinery},
address = {New York, NY, USA},
volume = {54},
number = {6},
issn = {0360-0300},
url = {https://doi.org/10.1145/3457607},
doi = {10.1145/3457607},
journal = {ACM Comput. Surv.},
month = jul,
articleno = {115},
numpages = {35},
keywords = {natural language processing, machine learning, deep learning, Fairness and bias in artificial intelligence, representation learning}
}

@inproceedings{marius,
  author    = {Jason Mohoney and
               Roger Waleffe and
               Henry Xu and
               Theodoros Rekatsinas and
               Shivaram Venkataraman},
  editor    = {Angela Demke Brown and
               Jay R. Lorch},
  title     = {Marius: Learning Massive Graph Embeddings on a Single Machine},
  booktitle = {15th {USENIX} Symposium on Operating Systems Design and Implementation,
               {OSDI} 2021, July 14-16, 2021},
  pages     = {533--549},
  publisher = {{USENIX} Association},
  year      = {2021},
  url       = {https://www.usenix.org/conference/osdi21/presentation/mohoney},
  timestamp = {Thu, 12 Aug 2021 18:19:16 +0200},
  biburl    = {https://dblp.org/rec/conf/osdi/MohoneyWXRV21.bib},
  bibsource = {dblp computer science bibliography, https://dblp.org}
}

@article{dietterich1998approximate,
  title={Approximate statistical tests for comparing supervised classification learning algorithms},
  author={Dietterich, Thomas G},
  journal={Neural computation},
  volume={10},
  number={7},
  pages={1895--1923},
  year={1998},
  publisher={MIT Press One Rogers Street, Cambridge, MA 02142-1209, USA journals-info~…}
}

@phdthesis{alarm,
author = {Herskovits, Edward},
title = {Computer-Based Probabilistic-Network Construction},
year = {1992},
publisher = {Stanford University},
address = {Stanford, CA, USA},
note = {UMI Order No. GAX92-05646}
}

@inproceedings{
lee2017training,
title={Training Confidence-calibrated Classifiers for Detecting Out-of-Distribution Samples},
author={Kimin Lee and Honglak Lee and Kibok Lee and Jinwoo Shin},
booktitle={International Conference on Learning Representations},
year={2018},
url={https://openreview.net/forum?id=ryiAv2xAZ},
}

@inproceedings{RobustVAE,
  title={Robust Variational Autoencoders for Outlier Detection in Mixed-Type Data},
  author={Sim{\~a}o Eduardo and Alfredo Naz{\'a}bal and Christopher K. I. Williams and Charles Sutton},
  booktitle={The 23rd International Conference on Artificial Intelligence and Statistics},
  year={2020}
}

@inproceedings{robustMean,
  title={Being robust (in high dimensions) can be practical},
  author={Diakonikolas, Ilias and Kamath, Gautam and Kane, Daniel M and Li, Jerry and Moitra, Ankur and Stewart, Alistair},
  booktitle={Proceedings of the 34th International Conference on Machine Learning-Volume 70},
  pages={999--1008},
  year={2017},
  organization={JMLR. org}
}

@inproceedings{certifiedDefense,
  title={Certified defenses for data poisoning attacks},
  author={Steinhardt, Jacob and Koh, Pang Wei W and Liang, Percy S},
  booktitle={Advances in neural information processing systems},
  pages={3517--3529},
  year={2017}
}

@article{strongerPoison,
  title={Stronger data poisoning attacks break data sanitization defenses},
  author={Koh, Pang Wei and Steinhardt, Jacob and Liang, Percy},
  journal={arXiv preprint arXiv:1811.00741},
  year={2018}
}

@inproceedings{gradientPoison,
  title={Towards poisoning of deep learning algorithms with back-gradient optimization},
  author={Mu{\~n}oz-Gonz{\'a}lez, Luis and Biggio, Battista and Demontis, Ambra and Paudice, Andrea and Wongrassamee, Vasin and Lupu, Emil C and Roli, Fabio},
  booktitle={Proceedings of the 10th ACM Workshop on Artificial Intelligence and Security},
  pages={27--38},
  year={2017}
}

@inproceedings{SVMpoisoning,
author = {Biggio, Battista and Nelson, Blaine and Laskov, Pavel},
title = {Poisoning Attacks against Support Vector Machines},
year = {2012},
isbn = {9781450312851},
publisher = {Omnipress},
address = {Madison, WI, USA},
booktitle = {Proceedings of the 29th International Coference on International Conference on Machine Learning},
pages = {1467–1474},
numpages = {8},
location = {Edinburgh, Scotland},
series = {ICML’12}
}

@inproceedings{
PGDAttack,
title={Towards Deep Learning Models Resistant to Adversarial Attacks},
author={Aleksander Madry and Aleksandar Makelov and Ludwig Schmidt and Dimitris Tsipras and Adrian Vladu},
booktitle={International Conference on Learning Representations},
year={2018},
url={https://openreview.net/forum?id=rJzIBfZAb},
}

@inproceedings{CWAttack,
  title={Towards evaluating the robustness of neural networks},
  author={Carlini, Nicholas and Wagner, David},
  booktitle={2017 ieee symposium on security and privacy (sp)},
  pages={39--57},
  year={2017},
  organization={IEEE}
}

@inproceedings{deepfool,
  title={Deepfool: a simple and accurate method to fool deep neural networks},
  author={Moosavi-Dezfooli, Seyed-Mohsen and Fawzi, Alhussein and Frossard, Pascal},
  booktitle={Proceedings of the IEEE conference on computer vision and pattern recognition},
  pages={2574--2582},
  year={2016}
}

@article{kWinner,
  title={Resisting Adversarial Attacks by $ k $-Winners-Take-All},
  author={Xiao, Chang and Zhong, Peilin and Zheng, Changxi},
  journal={arXiv preprint arXiv:1905.10510},
  year={2019}
}

@inproceedings{
rethinking,
title={Rethinking Softmax Cross-Entropy Loss for Adversarial Robustness},
author={Tianyu Pang and Kun Xu and Yinpeng Dong and Chao Du and Ning Chen and Jun Zhu},
booktitle={International Conference on Learning Representations},
year={2020},
url={https://openreview.net/forum?id=Byg9A24tvB}
}

@article{ensembleDiv,
  title={Improving adversarial robustness via promoting ensemble diversity},
  author={Pang, Tianyu and Xu, Kun and Du, Chao and Chen, Ning and Zhu, Jun},
  journal={arXiv preprint arXiv:1901.08846},
  year={2019}
}

@inproceedings{odds,
  author    = {Kevin Roth and
               Yannic Kilcher and
               Thomas Hofmann},
  editor    = {Kamalika Chaudhuri and
               Ruslan Salakhutdinov},
  title     = {The Odds are Odd: {A} Statistical Test for Detecting Adversarial Examples},
  booktitle = {Proceedings of the 36th International Conference on Machine Learning,
               {ICML} 2019, 9-15 June 2019, Long Beach, California, {USA}},
  series    = {Proceedings of Machine Learning Research},
  volume    = {97},
  pages     = {5498--5507},
  publisher = {{PMLR}},
  year      = {2019},
  url       = {http://proceedings.mlr.press/v97/roth19a.html},
  timestamp = {Tue, 11 Jun 2019 15:37:38 +0200},
  biburl    = {https://dblp.org/rec/conf/icml/RothKH19.bib},
  bibsource = {dblp computer science bibliography, https://dblp.org}
}

@inproceedings{weaknessToS,
  title={A New Defense Against Adversarial Images: Turning a Weakness into a Strength},
  author={Hu, Shengyuan and Yu, Tao and Guo, Chuan and Chao, Wei-Lun and Weinberger, Kilian Q},
  booktitle={Advances in Neural Information Processing Systems},
  pages={1633--1644},
  year={2019}
}

@inproceedings{xlnet,
  title={Xlnet: Generalized autoregressive pretraining for language understanding},
  author={Yang, Zhilin and Dai, Zihang and Yang, Yiming and Carbonell, Jaime and Salakhutdinov, Russ R and Le, Quoc V},
  booktitle={Advances in neural information processing systems},
  pages={5754--5764},
  year={2019}
}

@article{AimNet,
  title={Attention-based Learning for Missing Data Imputation in HoloClean},
  author={Wu, Richard and Zhang, Aoqian and Ilyas, Ihab F and Rekatsinas, Theodoros},
  journal={Proceedings of Machine Learning and Systems},
  pages={307--325},
  year={2020}
}

@article{lossBased,
  title={Better Generalization with On-the-fly Dataset Denoising},
  author={Song, Jiaming and Ma, Tengyu and Auli, Michael and Dauphin, Yann},
  year={2018}
}

@inproceedings{attention,
  title={Attention is all you need},
  author={Vaswani, Ashish and Shazeer, Noam and Parmar, Niki and Uszkoreit, Jakob and Jones, Llion and Gomez, Aidan N and Kaiser, {\L}ukasz and Polosukhin, Illia},
  booktitle={Advances in neural information processing systems},
  pages={5998--6008},
  year={2017}
}

@article{wine,
  title={Modeling wine preferences by data mining from physicochemical properties},
  author={Cortez, Paulo and Cerdeira, Ant{\'o}nio and Almeida, Fernando and Matos, Telmo and Reis, Jos{\'e}},
  journal={Decision Support Systems},
  volume={47},
  number={4},
  pages={547--553},
  year={2009},
  publisher={Elsevier}
}

@misc{UCI,
author = "Dua, Dheeru and Graff, Casey",
year = "2017",
title = "{UCI} Machine Learning Repository",
url = "http://archive.ics.uci.edu/ml",
institution = "University of California, Irvine, School of Information and Computer Sciences" }

@article{cleanml,
  title={CleanML: A Benchmark for Joint Data Cleaning and Machine Learning [Experiments and Analysis]},
  author={Li, Peng and Rao, Xi and Blase, Jennifer and Zhang, Yue and Chu, Xu and Zhang, Ce},
  journal={arXiv preprint arXiv:1904.09483},
  year={2019}
}

@misc{magellandata,
   title = {The Magellan Data Repository},
   howpublished = {\url{https://sites.google.com/site/anhaidgroup/projects/data}},
   author = {Das, Sanjib and Doan, AnHai and G. C., Paul Suganthan and Gokhale, Chaitanya and Konda, Pradap and Govind, Yash and Paulsen, Derek},  institution = {University of Wisconsin-Madison}}
   
@book{titanic,
  title={Titanic, triumph and tragedy},
  author={Eaton, John P and Haas, Charles A},
  year={1995},
  publisher={WW Norton \& Company}
}

@inproceedings{sensor,
  title={Sensor enabled wearable RFID technology for mitigating the risk of falls near beds},
  author={Torres, Roberto L Shinmoto and Ranasinghe, Damith C and Shi, Qinfeng and Sample, Alanson P},
  booktitle={2013 IEEE International Conference on RFID (RFID)},
  pages={191--198},
  year={2013},
  organization={IEEE}
}

@article{HTRU2,
  title={Fifty years of pulsar candidate selection: from simple filters to a new principled real-time classification approach},
  author={Lyon, Robert J and Stappers, BW and Cooper, Sally and Brooke, JM and Knowles, JD},
  journal={Monthly Notices of the Royal Astronomical Society},
  volume={459},
  number={1},
  pages={1104--1123},
  year={2016},
  publisher={Oxford University Press}
}

@article{art,
    title = {Adversarial Robustness Toolbox v1.2.0},
    author = {Nicolae, Maria-Irina and Sinn, Mathieu and Tran, Minh~Ngoc and Buesser, Beat and Rawat, Ambrish and Wistuba, Martin and Zantedeschi, Valentina and Baracaldo, Nathalie and Chen, Bryant and Ludwig, Heiko and Molloy, Ian and Edwards, Ben},
    journal = {CoRR},
    volume = {1807.01069},
    year = {2018},
    url = {https://arxiv.org/pdf/1807.01069}
}

@inproceedings{isolation,
  title={Isolation forest},
  author={Liu, Fei Tony and Ting, Kai Ming and Zhou, Zhi-Hua},
  booktitle={2008 Eighth IEEE International Conference on Data Mining},
  pages={413--422},
  year={2008},
  organization={IEEE}
}

@inproceedings{OCSVM,
  title={One-class SVM for learning in image retrieval},
  author={Chen, Yunqiang and Zhou, Xiang Sean and Huang, Thomas S},
  booktitle={Proceedings 2001 International Conference on Image Processing (Cat. No. 01CH37205)},
  volume={1},
  pages={34--37},
  year={2001},
  organization={IEEE}
}

@inproceedings{calibration,
  title={On calibration of modern neural networks},
  author={Guo, Chuan and Pleiss, Geoff and Sun, Yu and Weinberger, Kilian Q},
  booktitle={Proceedings of the 34th International Conference on Machine Learning-Volume 70},
  pages={1321--1330},
  year={2017},
  organization={JMLR. org}
}

@article{MWOC,
  title={On the (statistical) detection of adversarial examples},
  author={Grosse, Kathrin and Manoharan, Praveen and Papernot, Nicolas and Backes, Michael and McDaniel, Patrick},
  journal={arXiv preprint arXiv:1702.06280},
  year={2017}
}

@article{fasttext,
  title={Enriching Word Vectors with Subword Information},
  author={Bojanowski, Piotr and Grave, Edouard and Joulin, Armand and Mikolov, Tomas},
  journal={Transactions of the Association for Computational Linguistics},
  volume={5},
  year={2017},
  issn={2307-387X},
  pages={135--146}
}

@conference{sif,
title = "A simple but tough-to-beat baseline for sentence embeddings",
author = "Sanjeev Arora and Yingyu Liang and Tengyu Ma",
year = "2019",
month = jan,
day = "1",
language = "English (US)",
note = "5th International Conference on Learning Representations, ICLR 2017 ; Conference date: 24-04-2017 Through 26-04-2017",
}

@inproceedings{Deequ,
author = {Schelter, Sebastian and Biessmann, Felix and Lange, Dustin and Rukat, Tammo and Schmidt, Phillipp and Seufert, Stephan and Brunelle, Pierre and Taptunov, Andrey},
title = {Unit Testing Data with Deequ},
year = {2019},
isbn = {9781450356435},
publisher = {Association for Computing Machinery},
address = {New York, NY, USA},
url = {https://doi.org/10.1145/3299869.3320210},
doi = {10.1145/3299869.3320210},
booktitle = {Proceedings of the 2019 International Conference on Management of Data},
pages = {1993–1996},
numpages = {4},
keywords = {data quality, integrity constraints, anomaly detection, data validation, unit tests for data},
location = {Amsterdam, Netherlands},
series = {SIGMOD ’19}
}

@inproceedings{TFX,
author = {Baylor, Denis and Breck, Eric and Cheng, Heng-Tze and Fiedel, Noah and Foo, Chuan Yu and Haque, Zakaria and Haykal, Salem and Ispir, Mustafa and Jain, Vihan and Koc, Levent and Koo, Chiu Yuen and Lew, Lukasz and Mewald, Clemens and Modi, Akshay Naresh and Polyzotis, Neoklis and Ramesh, Sukriti and Roy, Sudip and Whang, Steven Euijong and Wicke, Martin and Wilkiewicz, Jarek and Zhang, Xin and Zinkevich, Martin},
title = {TFX: A TensorFlow-Based Production-Scale Machine Learning Platform},
year = {2017},
isbn = {9781450348874},
publisher = {Association for Computing Machinery},
address = {New York, NY, USA},
url = {https://doi.org/10.1145/3097983.3098021},
doi = {10.1145/3097983.3098021},
booktitle = {Proceedings of the 23rd ACM SIGKDD International Conference on Knowledge Discovery and Data Mining},
pages = {1387–1395},
numpages = {9},
keywords = {large-scale machine learning, continuous training, end-to-end platform},
location = {Halifax, NS, Canada},
series = {KDD ’17}
}

@article{rulebased1,
  title={Trends in cleaning relational data: Consistency and deduplication},
  author={Ilyas, Ihab F and Chu, Xu},
  journal={Foundations and Trends in Databases},
  volume={5},
  number={4},
  pages={281--393},
  year={2015},
  publisher={Now Publishers Inc. Hanover, MA, USA}
}

@article{rulebased2,
  title={Data cleaning: Problems and current approaches},
  author={Rahm, Erhard and Do, Hong Hai},
  journal={IEEE Data Eng. Bull.},
  volume={23},
  number={4},
  pages={3--13},
  year={2000}
}

@book{rulebased3,
  title={Foundations of data quality management},
  author={Fan, Wenfei and Geerts, Floris},
  year={2012},
  publisher={Morgan \& Claypool Publishers}
}

@article{supervised1,
  title={Semi-supervised outlier detection based on fuzzy rough C-means clustering},
  author={Xue, Zhenxia and Shang, Youlin and Feng, Aifen},
  journal={Mathematics and Computers in simulation},
  volume={80},
  number={9},
  pages={1911--1921},
  year={2010},
  publisher={Elsevier}
}

@article{autoencoderOD1,
  title={Variational autoencoder based anomaly detection using reconstruction probability},
  author={An, Jinwon and Cho, Sungzoon},
  journal={Special Lecture on IE},
  volume={2},
  number={1},
  year={2015}
}

@article{autoencoderOD2,
  title={Video anomaly detection and localisation based on the sparsity and reconstruction error of auto-encoder},
  author={Sabokrou, Mohammad and Fathy, Mahmood and Hoseini, Mojtaba},
  journal={Electronics Letters},
  volume={52},
  number={13},
  pages={1122--1124},
  year={2016},
  publisher={IET}
}

@article{sever,
  title={Sever: A robust meta-algorithm for stochastic optimization},
  author={Diakonikolas, Ilias and Kamath, Gautam and Kane, Daniel M and Li, Jerry and Steinhardt, Jacob and Stewart, Alistair},
  journal={arXiv preprint arXiv:1803.02815},
  year={2018}
}

@article{aug1,
  title={Explaining and harnessing adversarial examples},
  author={Goodfellow, Ian J and Shlens, Jonathon and Szegedy, Christian},
  journal={arXiv preprint arXiv:1412.6572},
  year={2014}
}

@inproceedings{aug2,
title={Towards Deep Learning Models Resistant to Adversarial Attacks},
author={Aleksander Madry and Aleksandar Makelov and Ludwig Schmidt and Dimitris Tsipras and Adrian Vladu},
booktitle={International Conference on Learning Representations},
year={2018},
url={https://openreview.net/forum?id=rJzIBfZAb},
}

@article{bert,
  title={BERT: Pre-training of Deep Bidirectional Transformers for Language Understanding},
  author={Devlin, Jacob and Chang, Ming-Wei and Lee, Kenton and Toutanova, Kristina},
  journal={arXiv preprint arXiv:1810.04805},
  year={2018}
}

@inproceedings{VL-BERT,
title={VL-BERT: Pre-training of Generic Visual-Linguistic Representations},
author={Weijie Su and Xizhou Zhu and Yue Cao and Bin Li and Lewei Lu and Furu Wei and Jifeng Dai},
booktitle={International Conference on Learning Representations},
year={2020},
url={https://openreview.net/forum?id=SygXPaEYvH}
}

@article{erhan2010does,
  title={Why does unsupervised pre-training help deep learning?},
  author={Erhan, Dumitru and Bengio, Yoshua and Courville, Aaron and Manzagol, Pierre-Antoine and Vincent, Pascal and Bengio, Samy},
  journal={Journal of Machine Learning Research},
  volume={11},
  number={Feb},
  pages={625--660},
  year={2010}
}

@inproceedings{ijcai2019-377,
  title     = {What to Expect of Classifiers? Reasoning about Logistic Regression with Missing Features},
  author    = {Khosravi, Pasha and Liang, Yitao and Choi, YooJung and Van den Broeck, Guy},
  booktitle = {Proceedings of the Twenty-Eighth International Joint Conference on
               Artificial Intelligence, {IJCAI-19}},
  publisher = {International Joint Conferences on Artificial Intelligence Organization},             
  pages     = {2716--2724},
  year      = {2019},
  month     = {7},
  doi       = {10.24963/ijcai.2019/377},
  url       = {https://doi.org/10.24963/ijcai.2019/377},
}

@misc{liu2020robust,
    title={Robust Mean Estimation under Coordinate-level Corruption},
    author={Zifan Liu and Jongho Park and Nils Palumbo and Theodoros Rekatsinas and Christos Tzamos},
    year={2020},
    eprint={2002.04137},
    archivePrefix={arXiv},
    primaryClass={cs.LG}
}

@misc{karla2020nearest,
    title={Nearest Neighbor Classifiers over Incomplete Information: From Certain Answers to Certain Predictions},
    author={Bojan Karlaš and Peng Li and Renzhi Wu and Nezihe Merve Gürel and Xu Chu and Wentao Wu and Ce Zhang},
    year={2020},
    eprint={2005.05117},
    archivePrefix={arXiv},
    primaryClass={cs.LG}
}

@inproceedings{breck2019data,
  title={Data validation for machine learning},
  author={Breck, Eric and Polyzotis, Neoklis and Roy, Sudip and Whang, Steven Euijong and Zinkevich, Martin},
  booktitle = {{MLSys-19}}
}

@article{10.1162/neco.1995.7.1.108,
author = {Bishop, Chris M.},
title = {Training with Noise is Equivalent to Tikhonov Regularization},
year = {1995},
issue_date = {Jan. 1995},
publisher = {MIT Press},
address = {Cambridge, MA, USA},
volume = {7},
number = {1},
issn = {0899-7667},
url = {https://doi.org/10.1162/neco.1995.7.1.108},
doi = {10.1162/neco.1995.7.1.108},
journal = {Neural Comput.},
month = jan,
pages = {108–116},
numpages = {9}
}
  
@inproceedings{10.1145/3299869.3324956,
author = {Mahdavi, Mohammad and Abedjan, Ziawasch and Castro Fernandez, Raul and Madden, Samuel and Ouzzani, Mourad and Stonebraker, Michael and Tang, Nan},
title = {Raha: A Configuration-Free Error Detection System},
year = {2019},
isbn = {9781450356435},
publisher = {Association for Computing Machinery},
address = {New York, NY, USA},
url = {https://doi.org/10.1145/3299869.3324956},
doi = {10.1145/3299869.3324956},
booktitle = SIGMOD,
pages = {865–882}
}
  
@book{hosmer.lemeshow:applied,
  author = {Hosmer, David W. and Lemeshow, Stanley},
  isbn = {0471356328, 9780471356325},
  keywords = {imported statistic},
  publisher = {John Wiley and Sons},
  timestamp = {2017-04-01T10:44:00.000+0200},
  title = {Applied logistic regression},
  year = 2000
}

@inproceedings{fahes,
title = "FAHES: A robust disguised missing values detector",
author = "Abdulhakim Qahtan and Ahmed Elmagarmid and Fernandez, {Raul Castro} and Mourad Ouzzani and Nan Tang",
year = "2018",
month = jul,
day = "19",
doi = "10.1145/3219819.3220109",
language = "English",
isbn = "9781450355520",
pages = "2100--2109",
booktitle = "KDD 2018 - Proceedings of the 24th ACM SIGKDD International Conference on Knowledge Discovery and Data Mining",
publisher = "Association for Computing Machinery",
note = "24th ACM SIGKDD International Conference on Knowledge Discovery and Data Mining, KDD 2018 ; Conference date: 19-08-2018 Through 23-08-2018",
}

@inproceedings{simonyan2014two,
  title={Two-stream convolutional networks for action recognition in videos},
  author={Simonyan, Karen and Zisserman, Andrew},
  booktitle={Advances in neural information processing systems},
  pages={568--576},
  year={2014}
}

@article{yang2017generative,
  title={Generative poisoning attack method against neural networks},
  author={Yang, Chaofei and Wu, Qing and Li, Hai and Chen, Yiran},
  journal={arXiv preprint arXiv:1703.01340},
  year={2017}
}

@article{adam,
  title={Adam: A method for stochastic optimization},
  author={Kingma, Diederik P and Ba, Jimmy},
  journal={arXiv preprint arXiv:1412.6980},
  year={2014}
}

@article{Goodfellow2015ExplainingAH,
  title={Explaining and Harnessing Adversarial Examples},
  author={Ian J. Goodfellow and Jonathon Shlens and Christian Szegedy},
  journal={CoRR},
  year={2015},
  volume={abs/1412.6572}
}

@article{timeseries-repairing,
author = {Zhang, Aoqian and Song, Shaoxu and Wang, Jianmin and Yu, Philip S.},
title = {Time Series Data Cleaning: From Anomaly Detection to Anomaly Repairing},
year = {2017},
issue_date = {June 2017},
publisher = {VLDB Endowment},
volume = {10},
number = {10},
issn = {2150-8097},
url = {https://doi.org/10.14778/3115404.3115410},
doi = {10.14778/3115404.3115410},
journal = {Proc. VLDB Endow.},
month = jun,
pages = {1046–1057},
numpages = {12}
}

@article{ljung1993outlier,
  title={On outlier detection in time series},
  author={Ljung, Greta M},
  journal={Journal of the Royal Statistical Society: Series B (Methodological)},
  volume={55},
  number={2},
  pages={559--567},
  year={1993},
  publisher={Wiley Online Library}
}

@inproceedings{pytorch,
 author = {Paszke, Adam and Gross, Sam and Massa, Francisco and Lerer, Adam and Bradbury, James and Chanan, Gregory and Killeen, Trevor and Lin, Zeming and Gimelshein, Natalia and Antiga, Luca and Desmaison, Alban and Kopf, Andreas and Yang, Edward and DeVito, Zachary and Raison, Martin and Tejani, Alykhan and Chilamkurthy, Sasank and Steiner, Benoit and Fang, Lu and Bai, Junjie and Chintala, Soumith},
 booktitle = {Advances in Neural Information Processing Systems},
 editor = {H. Wallach and H. Larochelle and A. Beygelzimer and F. d\textquotesingle Alch\'{e}-Buc and E. Fox and R. Garnett},
 pages = {},
 publisher = {Curran Associates, Inc.},
 title = {PyTorch: An Imperative Style, High-Performance Deep Learning Library},
 url = {https://proceedings.neurips.cc/paper/2019/file/bdbca288fee7f92f2bfa9f7012727740-Paper.pdf},
 volume = {32},
 year = {2019}
}

@misc{tensorflow2015-whitepaper,
title={ {TensorFlow}: Large-Scale Machine Learning on Heterogeneous Systems},
url={https://www.tensorflow.org/},
note={Software available from tensorflow.org},
author={
    Mart\'{\i}n~Abadi and
    Ashish~Agarwal and
    Paul~Barham and
    Eugene~Brevdo and
    Zhifeng~Chen and
    Craig~Citro and
    Greg~S.~Corrado and
    Andy~Davis and
    Jeffrey~Dean and
    Matthieu~Devin and
    Sanjay~Ghemawat and
    Ian~Goodfellow and
    Andrew~Harp and
    Geoffrey~Irving and
    Michael~Isard and
    Yangqing Jia and
    Rafal~Jozefowicz and
    Lukasz~Kaiser and
    Manjunath~Kudlur and
    Josh~Levenberg and
    Dandelion~Man\'{e} and
    Rajat~Monga and
    Sherry~Moore and
    Derek~Murray and
    Chris~Olah and
    Mike~Schuster and
    Jonathon~Shlens and
    Benoit~Steiner and
    Ilya~Sutskever and
    Kunal~Talwar and
    Paul~Tucker and
    Vincent~Vanhoucke and
    Vijay~Vasudevan and
    Fernanda~Vi\'{e}gas and
    Oriol~Vinyals and
    Pete~Warden and
    Martin~Wattenberg and
    Martin~Wicke and
    Yuan~Yu and
    Xiaoqiang~Zheng},
  year={2015},
}

@software{jax2018github,
  author = {James Bradbury and Roy Frostig and Peter Hawkins and Matthew James Johnson and Chris Leary and Dougal Maclaurin and George Necula and Adam Paszke and Jake Vander{P}las and Skye Wanderman-{M}ilne and Qiao Zhang},
  title = {{JAX}: composable transformations of {P}ython+{N}um{P}y programs},
  url = {http://github.com/google/jax},
  version = {0.2.5},
  year = {2018},
}

@inproceedings{overton,
title = {Overton: A Data System for Monitoring and Improving Machine-Learned Products},
author = {Christopher Ré and Feng Niu and Pallavi Gudipati and Charles Srisuwananukorn},
booktitle = {10th Conference on Innovative Data Systems Research, {CIDR} 2020, Amsterdam, The Netherlands, January 12-15, 2020, Online Proceedings},
publisher = {www.cidrdb.org},
year      = {2020}
}

@misc{Molino2019,
  author = {Piero Molino and Yaroslav Dudin and Sai Sumanth Miryala},
  title = {Ludwig: a type-based declarative deep learning toolbox},
  year = {2019},
  eprint = {arXiv:1909.07930},
}

@article{Zaharia2018AcceleratingTM,
  title={Accelerating the Machine Learning Lifecycle with MLflow},
  author={M. Zaharia and Andrew Chen and A. Davidson and A. Ghodsi and S. Hong and A. Konwinski and Siddharth Murching and Tomas Nykodym and Paul Ogilvie and Mani Parkhe and Fen Xie and Corey Zumar},
  journal={IEEE Data Eng. Bull.},
  year={2018},
  volume={41},
  pages={39-45}
}

@article{holoclean,
author = {Rekatsinas, Theodoros and Chu, Xu and Ilyas, Ihab F. and R\'{e}, Christopher},
title = {HoloClean: Holistic Data Repairs with Probabilistic Inference},
year = {2017},
issue_date = {August 2017},
publisher = {VLDB Endowment},
volume = {10},
number = {11},
issn = {2150-8097},
url = {https://doi.org/10.14778/3137628.3137631},
doi = {10.14778/3137628.3137631},
journal = PVLDB,
month = aug,
pages = {1190–1201},
numpages = {12}
}

@inproceedings{holodetect,
author = {Heidari, Alireza and McGrath, Joshua and Ilyas, Ihab F. and Rekatsinas, Theodoros},
title = {HoloDetect: Few-Shot Learning for Error Detection},
year = {2019},
booktitle = SIGMOD,
pages = {829–846}
}

@InProceedings{puds,
  author =	{Christopher De Sa and Ihab F. Ilyas and Benny Kimelfeld and Christopher R{\'e} and Theodoros Rekatsinas},
  title =	{A Formal Framework for Probabilistic Unclean Databases},
  booktitle =	ICDT,
  pages =	{6:1--6:18},
  year =	{2019}
}

@inproceedings{uai_heidari,
  author    = {Alireza Heidari and
               Ihab F. Ilyas and
               Theodoros Rekatsinas},
  title     = {Approximate Inference in Structured Instances with Noisy Categorical
               Observations},
  booktitle = {Proceedings of the Conference on Uncertainty in Artificial
               Intelligence (UAI)},
  series    = {Proceedings of Machine Learning Research},
  volume    = {115},
  pages     = {412--421},
  publisher = {{AUAI} Press},
  year      = {2019}
}

@inproceedings{deepmatcher,
author = {Mudgal, Sidharth and Li, Han and Rekatsinas, Theodoros and Doan, AnHai and Park, Youngchoon and Krishnan, Ganesh and Deep, Rohit and Arcaute, Esteban and Raghavendra, Vijay},
title = {Deep Learning for Entity Matching: A Design Space Exploration},
year = {2018},
isbn = {9781450347037},
publisher = {Association for Computing Machinery},
address = {New York, NY, USA},
url = {https://doi.org/10.1145/3183713.3196926},
doi = {10.1145/3183713.3196926},
booktitle = {Proceedings of the 2018 International Conference on Management of Data},
pages = {19–34},
numpages = {16},
keywords = {deep learning, entity matching, entity resolution},
location = {Houston, TX, USA},
series = {SIGMOD '18}
}

@article{ditto,
author = {Li, Yuliang and Li, Jinfeng and Suhara, Yoshihiko and Doan, AnHai and Tan, Wang-Chiew},
title = {Deep Entity Matching with Pre-Trained Language Models},
year = {2020},
issue_date = {September 2020},
publisher = {VLDB Endowment},
volume = {14},
number = {1},
issn = {2150-8097},
url = {https://doi.org/10.14778/3421424.3421431},
doi = {10.14778/3421424.3421431},
journal = {Proc. VLDB Endow.},
month = sep,
pages = {50–60},
numpages = {11}
}

@inproceedings{Stonebraker2013DataCA,
  title={Data Curation at Scale: The Data Tamer System},
  author={M. Stonebraker and D. Bruckner and I. Ilyas and G. Beskales and Mitch Cherniack and S. Zdonik and Alexander Pagan and Shan Xu},
  booktitle={CIDR},
  year={2013}
}

@inproceedings{amperity,
author = {Yan, Yan and Meyles, Stephen and Haghighi, Aria and Suciu, Dan},
title = {Entity Matching in the Wild: A Consistent and Versatile Framework to Unify Data in Industrial Applications},
year = {2020},
isbn = {9781450367356},
publisher = {Association for Computing Machinery},
address = {New York, NY, USA},
url = {https://doi.org/10.1145/3318464.3386143},
doi = {10.1145/3318464.3386143},
booktitle = {Proceedings of the 2020 ACM SIGMOD International Conference on Management of Data},
pages = {2287–2301},
numpages = {15},
keywords = {multi-level entity matching, cluster id assignment, conflict resolution in clustering},
location = {Portland, OR, USA},
series = {SIGMOD '20}
}

@inproceedings{zeroer,
  author    = {Renzhi Wu and
               Sanya Chaba and
               Saurabh Sawlani and
               Xu Chu and
               Saravanan Thirumuruganathan},
  editor    = {David Maier and
               Rachel Pottinger and
               AnHai Doan and
               Wang{-}Chiew Tan and
               Abdussalam Alawini and
               Hung Q. Ngo},
  title     = {ZeroER: Entity Resolution using Zero Labeled Examples},
  booktitle = {Proceedings of the 2020 International Conference on Management of
               Data, {SIGMOD} Conference 2020, online conference [Portland, OR, USA],
               June 14-19, 2020},
  pages     = {1149--1164},
  publisher = {{ACM}},
  year      = {2020},
  url       = {https://doi.org/10.1145/3318464.3389743},
  doi       = {10.1145/3318464.3389743},
  timestamp = {Fri, 21 Aug 2020 17:36:54 +0200},
  biburl    = {https://dblp.org/rec/conf/sigmod/WuCSCT20.bib},
  bibsource = {dblp computer science bibliography, https://dblp.org}
}

@inproceedings{raha,
author = {Mahdavi, Mohammad and Abedjan, Ziawasch and Castro Fernandez, Raul and Madden, Samuel and Ouzzani, Mourad and Stonebraker, Michael and Tang, Nan},
title = {Raha: A Configuration-Free Error Detection System},
year = {2019},
isbn = {9781450356435},
url = {https://doi.org/10.1145/3299869.3324956},
doi = {10.1145/3299869.3324956},
booktitle = SIGMOD,
pages = {865–882}
}

@article{auto_transform,
  author    = {Yeye He and
               Zhongjun Jin and
               Surajit Chaudhuri},
  title     = {Auto-Transform: Learning-to-Transform by Patterns},
  journal   = {Proc. {VLDB} Endow.},
  volume    = {13},
  number    = {11},
  pages     = {2368--2381},
  year      = {2020},
  url       = {http://www.vldb.org/pvldb/vol13/p2368-he.pdf},
  timestamp = {Mon, 17 Aug 2020 18:32:39 +0200},
  biburl    = {https://dblp.org/rec/journals/pvldb/HeJC20.bib},
  bibsource = {dblp computer science bibliography, https://dblp.org}
}

@inproceedings{huang2011adversarial,
  title={Adversarial machine learning},
  author={Huang, Ling and Joseph, Anthony D and Nelson, Blaine and Rubinstein, Benjamin IP and Tygar, J Doug},
  booktitle={Proceedings of the 4th ACM workshop on Security and artificial intelligence},
  pages={43--58},
  year={2011}
}

@misc{guyon1996discovering,
  title={Discovering Informative Patterns and Data Cleaning.},
  author={Guyon, Isabelle and Matic, Nada and Vapnik, Vladimir and others},
  year={1996}
}

@article{northcutt2021pervasive,
  title={Pervasive label errors in test sets destabilize machine learning benchmarks},
  author={Northcutt, Curtis G and Athalye, Anish and Mueller, Jonas},
  journal={arXiv preprint arXiv:2103.14749},
  year={2021}
}

@article{frenay2013classification,
  title={Classification in the presence of label noise: a survey},
  author={Fr{\'e}nay, Beno{\^\i}t and Verleysen, Michel},
  journal={IEEE transactions on neural networks and learning systems},
  volume={25},
  number={5},
  pages={845--869},
  year={2013},
  publisher={IEEE}
}

@article{picket,
  author    = {Zifan Liu and
               Zhechun Zhou and
               Theodoros Rekatsinas},
  title     = {Picket: Self-supervised Data Diagnostics for {ML} Pipelines},
  journal   = {CoRR},
  volume    = {abs/2006.04730},
  year      = {2020},
  url       = {https://arxiv.org/abs/2006.04730},
  archivePrefix = {arXiv},
  eprint    = {2006.04730},
  timestamp = {Fri, 12 Jun 2020 14:02:57 +0200},
  biburl    = {https://dblp.org/rec/journals/corr/abs-2006-04730.bib},
  bibsource = {dblp computer science bibliography, https://dblp.org}
}

@inproceedings{data_programming,
author = {Ratner, Alexander and Sa, Christopher De and Wu, Sen and Selsam, Daniel and R\'{e}, Christopher},
title = {Data Programming: Creating Large Training Sets, Quickly},
year = {2016},
isbn = {9781510838819},
publisher = {Curran Associates Inc.},
address = {Red Hook, NY, USA},
booktitle = {Proceedings of the 30th International Conference on Neural Information Processing Systems},
pages = {3574–3582},
numpages = {9},
location = {Barcelona, Spain},
series = {NIPS'16}
}

@inproceedings{noise_aware,
 author = {Natarajan, Nagarajan and Dhillon, Inderjit S and Ravikumar, Pradeep K and Tewari, Ambuj},
 booktitle = {Advances in Neural Information Processing Systems},
 editor = {C. J. C. Burges and L. Bottou and M. Welling and Z. Ghahramani and K. Q. Weinberger},
 pages = {},
 publisher = {Curran Associates, Inc.},
 title = {Learning with Noisy Labels},
 url = {https://proceedings.neurips.cc/paper/2013/file/3871bd64012152bfb53fdf04b401193f-Paper.pdf},
 volume = {26},
 year = {2013}
}
@inproceedings{noisy_learning_deep_learning,
title	= {Training Deep Neural Networks on Noisy Labels with Bootstrapping},
author	= {Scott E. Reed and Honglak Lee and Dragomir Anguelov and Christian Szegedy and Dumitru Erhan and Andrew Rabinovich},
year	= {2015},
URL	= {http://arxiv.org/abs/1412.6596},
booktitle	= {ICLR 2015}
}


@InProceedings{pmlr-v108-li20j,
  title = 	 {Gradient Descent with Early Stopping is Provably Robust to Label Noise for Overparameterized Neural Networks},
  author =       {Li, Mingchen and Soltanolkotabi, Mahdi and Oymak, Samet},
  booktitle = 	 {Proceedings of the Twenty Third International Conference on Artificial Intelligence and Statistics},
  pages = 	 {4313--4324},
  year = 	 {2020},
  editor = 	 {Chiappa, Silvia and Calandra, Roberto},
  volume = 	 {108},
  series = 	 {Proceedings of Machine Learning Research},
  month = 	 {26--28 Aug},
  publisher =    {PMLR},
  pdf = 	 {http://proceedings.mlr.press/v108/li20j/li20j.pdf},
  url = 	 {https://proceedings.mlr.press/v108/li20j.html}
}


@InProceedings{pmlr-v139-liu21r,
  title = 	 {On Robust Mean Estimation under Coordinate-level Corruption},
  author =       {Liu, Zifan and Park, Jong Ho and Rekatsinas, Theodoros and Tzamos, Christos},
  booktitle = 	 {Proceedings of the 38th International Conference on Machine Learning},
  pages = 	 {6914--6924},
  year = 	 {2021},
  editor = 	 {Meila, Marina and Zhang, Tong},
  volume = 	 {139},
  series = 	 {Proceedings of Machine Learning Research},
  month = 	 {18--24 Jul},
  publisher =    {PMLR},
  pdf = 	 {http://proceedings.mlr.press/v139/liu21r/liu21r.pdf},
  url = 	 {https://proceedings.mlr.press/v139/liu21r.html}
}

%++++++Begin to add references added by Chang+++++++++++++++

@book{DBLP:books/acm/IlyasC19,
  author    = {Ihab F. Ilyas and
               Xu Chu},
  title     = {Data Cleaning},
  publisher = {{ACM}},
  year      = {2019},
  doi       = {10.1145/3310205},
  isbn      = {978-1-4503-7152-0},
}


@article{DBLP:journals/pvldb/GeMHI21,
  author    = {Chang Ge and
               Shubhankar Mohapatra and
               Xi He and
               Ihab F. Ilyas},
  title     = {Kamino: Constraint-Aware Differentially Private Data Synthesis},
  journal   = {Proc. {VLDB} Endow.},
  volume    = {14},
  number    = {10},
  pages     = {1886--1899},
  year      = {2021},
}

@article{DBLP:journals/pvldb/0002IK19,
  author    = {Chang Ge and
               Ihab F. Ilyas and
               Florian Kerschbaum},
  title     = {Secure Multi-Party Functional Dependency Discovery},
  journal   = {Proc. {VLDB} Endow.},
  volume    = {13},
  number    = {2},
  pages     = {184--196},
  year      = {2019},
}

@inproceedings{DBLP:conf/sigmod/0002HIM19,
  author    = {Chang Ge and
               Xi He and
               Ihab F. Ilyas and
               Ashwin Machanavajjhala},
  title     = {{APEx}: Accuracy-Aware Differentially Private Data Exploration},
  booktitle = {SIGMOD},
  pages     = {177--194},
  year      = {2019},
}

@article{ChuIP13VLDB,
   title={Discovering denial constraints},
  author={Chu, Xu and Ilyas, Ihab F and Papotti, Paolo},
  journal=PVLDB,
  volume={6},
  number={13},
  pages={1498--1509},
  year={2013},
  publisher={VLDB Endowment}
}

@article{DBLP:journals/cj/HuhtalaKPT99,
  author    = {Yk{\"a} Huhtala and
               Juha K{\"a}rkk{\"a}inen and
               Pasi Porkka and
               Hannu Toivonen},
  title     = {{TANE}: An Efficient Algorithm for Discovering Functional
               and Approximate Dependencies},
  journal   = {Computer Journal},
  volume    = {42},
  number    = {2},
  year      = {1999},
  pages     = {100-111},
}

@article{DBLP:journals/tkde/FanGLX11,
  author    = {Wenfei Fan and
               Floris Geerts and
               Jianzhong Li and
               Ming Xiong},
  title     = {Discovering Conditional Functional Dependencies},
  journal   = IEEETKDE,
  volume    = {23},
  number    = {5},
  year      = {2011},
  pages     = {683-698},
}

@article{DBLP:journals/pvldb/ChiangM08,
  title={Discovering data quality rules},
  author={Chiang, Fei and Miller, Ren{\'e}e J},
  journal=PVLDB,
  volume={1},
  number={1},
  pages={1166--1177},
  year={2008},
}

@article{DBLP:journals/pvldb/FanJLM09,
  title={Reasoning about record matching rules},
  author={Fan, Wenfei and Jia, Xibei and Li, Jianzhong and Ma, Shuai},
  journal=PVLDB,
  volume={2},
  number={1},
  pages={407--418},
  year={2009},
  publisher={VLDB Endowment}
}

@inproceedings{DBLP:conf/icde/KoudasSSV09,
  author    = {Nick Koudas and
               Avishek Saha and
               Divesh Srivastava and
               Suresh Venkatasubramanian},
  title     = {Metric Functional Dependencies},
  booktitle = ICDE09,
  year      = {2009},
  pages     = {1275--1278},
}

@article{DBLP:journals/pvldb/BeskalesIG10,
   title={Sampling the repairs of functional dependency violations under hard constraints},
  author={Beskales, George and Ilyas, Ihab F and Golab, Lukasz},
  journal=PVLDB,
  volume={3},
  number={1-2},
  pages={197--207},
  year={2010},
}

@INPROCEEDINGS{BohannonFF+05,
    title={A cost-based model and effective heuristic for repairing constraints by value modification},
  author={Bohannon, Philip and Fan, Wenfei and Flaster, Michael and Rastogi, Rajeev},
  booktitle=SIGMOD,
  pages={143--154},
  year={2005},
  organization={ACM}
}

@inproceedings{DBLP:conf/vldb/CongFGJM07,
 title={Improving data quality: Consistency and accuracy},
  author={Cong, Gao and Fan, Wenfei and Geerts, Floris and Jia, Xibei and Ma, Shuai},
  booktitle=VLDB07,
  pages={315--326},
  year={2007},
}

@inproceedings{Kolahi09,
 author    = {Solmaz Kolahi and
               Laks V S Lakshmanan},
  title     = {On approximating optimum repairs for functional dependency violations},
  booktitle = ICDT09,
  pages     = {53--62},
  year      = {2009},
} 

@inproceedings{DBLP:conf/icde/xu13,
  author    = {Xu Chu and
               Ihab F Ilyas and
               Paolo Papotti},
  title     = {Holistic Data Cleaning: Putting Violations into Context},
  booktitle = ICDE13,
  pages     = {458--469},
  year      = {2013},
}

@inproceedings{DBLP:conf/sigmod/KoudasSS06,
 title={Record linkage: similarity measures and algorithms},
  author={Koudas, Nick and Sarawagi, Sunita and Srivastava, Divesh},
  booktitle=SIGMOD,
  pages={802--803},
  year={2006},
}

@article{DBLP:journals/tkde/ElmagarmidIV07,
  author    = {Ahmed K Elmagarmid and
               Panagiotis G Ipeirotis and
               Vassilios S Verykios},
  title     = {Duplicate Record Detection: A Survey},
  journal   = IEEETKDE,
  volume    = {19},
  number    = {1},
  year      = {2007},
  pages     = {1-16},
}

@book{herzog2007data,
  title={Data Quality and Record Linkage Techniques},
  author={Herzog, Thomas N and Scheuren, Fritz J and Winkler, William E},
  year={2007},
  publisher={Springer Science \& Business Media}
}

@article{DBLP:journals/pvldb/DongN09,
 title={Data fusion: resolving data conflicts for integration},
  author={Dong, Xin Luna and Naumann, Felix},
  journal=PVLDB,
  volume={2},
  number={2},
  pages={1654--1655},
  year={2009},
}

@book{DBLP:series/synthesis/2010Naumann,
  author    = {Felix Naumann and
               Melanie Herschel},
  title     = {An Introduction to Duplicate Detection},
  booktitle = {An Introduction to Duplicate Detection},
  series    = {Synthesis Lectures on Data Management},
  year      = {2010},
}


@article{DBLP:journals/pvldb/GetoorM12,
 title={Entity resolution: theory, practice \& open challenges},
  author={Getoor, Lise and Machanavajjhala, Ashwin},
  journal=PVLDB,
  volume={5},
  number={12},
  pages={2018--2019},
  year={2012},
}

@inproceedings{DBLP:conf/pods/ArenasBC99,
 title={Consistent query answers in inconsistent databases},
  author={Arenas, Marcelo and Bertossi, Leopoldo and Chomicki, Jan},
  booktitle=PODS99,
  pages={68--79},
  year={1999},
}

@inproceedings{DBLP:conf/icdt/LopatenkoB07,
  author    = {Andrei Lopatenko and
               Leopoldo E Bertossi},
  title     = {Complexity of Consistent Query Answering in Databases Under Cardinality-Based
               and Incremental Repair Semantics},
  booktitle = ICDT07,
  year      = {2007},
  pages     = {179--193},
}

@book{DBLP:series/synthesis/2011Bertossi,
  author    = {Leopoldo E Bertossi},
  title     = {Database Repairing and Consistent Query Answering},
  booktitle = {Database Repairing and Consistent Query Answering},
  publisher = {Morgan {\&} Claypool Publishers},
  year      = {2011},
}

@article{FanLMTY12,
     title={Towards certain fixes with editing rules and master data},
  author={Fan, Wenfei and Li, Jianzhong and Ma, Shuai and Tang, Nan and Yu, Wenyuan},
  journal=PVLDB,
  volume={3},
  number={1-2},
  pages={173--184},
  year={2010},
}

@article{YakoutENOI11,
   title={Guided data repair},
  author={Yakout, Mohamed and Elmagarmid, Ahmed K and Neville, Jennifer and Ouzzani, Mourad and Ilyas, Ihab F},
  journal=PVLDB,
  volume={4},
  number={5},
  pages={279--289},
  year={2011},
}

@book{bamnett1994outliers,
 title={Outliers in statistical data},
  author={Barnett, Vic and Lewis, Toby},
  year={1994},
  publisher={Wiley New York}
}

@article{tejada2001learning,
  title={Learning object identification rules for information integration},
  author={Tejada, Sheila and Knoblock, Craig A and Minton, Steven},
  journal={Information Systems},
  volume={26},
  number={8},
  pages={607--633},
  year={2001},
}

@inproceedings{DBLP:conf/kdd/SarawagiB02,
  author    = {Sunita Sarawagi and
               Anuradha Bhamidipaty},
  title     = {Interactive deduplication using active learning},
  booktitle = KDD02,
  year      = {2002},
  pages     = {269--278},
}

@inproceedings{DBLP:dblp_conf/sigmod/ArasuGK10,
     title={On active learning of record matching packages},
  author={Arasu, Arvind and G{\"o}tz, Michaela and Kaushik, Raghav},
  booktitle=SIGMOD,
  pages={783--794},
  year={2010},
}

@inproceedings{DBLP:conf/cidr/StonebrakerBIBCZPX13,
  author    = {Michael Stonebraker and
               Daniel Bruckner and
               Ihab F Ilyas and
               George Beskales and
               Mitch Cherniack and
               Stanley B Zdonik and
               Alexander Pagan and
               Shan Xu},
  title     = {Data Curation at Scale: The Data Tamer System},
  booktitle = CIDR13,
  year      = {2013},
}

@article{konda2016magellan,
  title={Magellan: Toward building entity matching management systems},
  author={Konda, Pradap and Das, Sanjib and Suganthan GC, Paul and Doan, AnHai and Ardalan, Adel and Ballard, Jeffrey R and Li, Han and Panahi, Fatemah and Zhang, Haojun and Naughton, Jeff and others},
  journal=PVLDB,
  volume={9},
  number={12},
  pages={1197--1208},
  year={2016},
  publisher={VLDB Endowment}
}

@inproceedings{mudgal2018deep,
  title={Deep Learning for Entity Matching: A Design Space Exploration},
  author={Mudgal, Sidharth and Li, Han and Rekatsinas, Theodoros and Doan, AnHai and Park, Youngchoon and Krishnan, Ganesh and Deep, Rohit and Arcaute, Esteban and Raghavendra, Vijay},
  booktitle=SIGMOD,
  pages={19--34},
  year={2018},
  organization={ACM}
}

@proceedings{DBLP:conf/sigmod/2019hilda,
  title     = {Proceedings of the Workshop on Human-In-the-Loop Data Analytics, HILDA@SIGMOD
               2019, Amsterdam, The Netherlands, July 5, 2019},
  publisher = {{ACM}},
  year      = {2019},
}

@article{user_concern,
	author={Brooke Auxier and Lee Rainie and Monica Anderson and Andrew Perrin and Madhu Kumar and Erica Turner},
	journal={Pew Research Center},
	title={Americans and Privacy - Concerned Confused and Feeling Lack of Control Over Their Personal Information},
	year={2019},
}

@article{GDPR,
  title   = {Regulation (EU) 2016/679 of the European Parliament and of the Council of 27 April 2016 on the protection of natural persons with regard to the processing of personal data and on the free movement of such data, and repealing Directive 95/46/EC (General Data Protection Regulation)},
  journal = {OJ},
  year  = {2016-04-27}
}

@article{ibm_report,
  title   = {Cost of a Data Breach Report},
  Author = {IBM},
  year  = {2020}
}

@article{DBLP:journals/fttcs/DworkR14,
  author    = {Cynthia Dwork and
               Aaron Roth},
  title     = {The Algorithmic Foundations of Differential Privacy},
  journal   = {Foundations and Trends in Theoretical Computer Science},
  volume    = {9},
  number    = {3-4},
  pages     = {211--407},
  year      = {2014},
}

@article{DBLP:journals/csur/AcarAUC18,
  author    = {Abbas Acar and
               Hidayet Aksu and
               A. Selcuk Uluagac and
               Mauro Conti},
  title     = {A Survey on Homomorphic Encryption Schemes: Theory and Implementation},
  journal   = {{ACM} Comput. Surv.},
  volume    = {51},
  number    = {4},
  pages     = {79:1--79:35},
  year      = {2018},
}

@article{DBLP:journals/jpc/LindellP09,
  author    = {Yehuda Lindell and
               Benny Pinkas},
  title     = {Secure Multiparty Computation for Privacy-Preserving Data Mining},
  journal   = {J. Priv. Confidentiality},
  volume    = {1},
  number    = {1},
  year      = {2009},
}

@article{DBLP:journals/iacr/CostanD16,
  author    = {Victor Costan and
               Srinivas Devadas},
  title     = {Intel {SGX} Explained},
  journal   = {{IACR} Cryptol. ePrint Arch.},
  volume    = {2016},
  pages     = {86},
  year      = {2016},
}


@inproceedings{FAHES_18,
author = {Qahtan, Abdulhakim A. and Elmagarmid, Ahmed and Castro Fernandez, Raul and Ouzzani, Mourad and Tang, Nan},
title = {{FAHES}: A Robust Disguised Missing Values Detector},
year = {2018},
booktitle = SIGKDD,
pages = {2100–2109}
}

@Article{Strong96,
  Title                    = {Beyond Accuracy: What data quality means to data consumers},
  Author                   = {Richard Y.\ Wang and Diane M.\ Strong},
  Journal                  = {Management of Information Systems},
  Year                     = {1996},
  Pages                    = {5-34},
  Volume                   = {12(4)}
}

@Book{Naumann10,
  Title                    = {An Introduction to Duplicate Detection},
  Author                   = {Felix Naumann and Melanie Herschel},
  Publisher                = {Morgan \& Claypool Publishers},
  Year                     = {2010},
  Owner                    = {Felix.Naumann},
  Timestamp                = {2010.12.20}
}

@book{Papadakis21,
  author    = {George Papadakis and
               Ekaterini Ioannou and
               Emanouil Thanos and
               Themis Palpanas},
  title     = {The Four Generations of Entity Resolution},
  series    = {Synthesis Lectures on Data Management},
  publisher = {Morgan {\&} Claypool Publishers},
  year      = {2021}
}

@book{Aggarwal2013,
  author    = {Charu C. Aggarwal},
  title     = {Outlier Analysis},
  publisher = {Springer},
  year      = {2013}
}

@book{Abedjan2018,
  author    = {Ziawasch Abedjan and
               Lukasz Golab and
               Felix Naumann and
               Thorsten Papenbrock},
  title     = {Data Profiling},
  series    = {Synthesis Lectures on Data Management},
  publisher = {Morgan {\&} Claypool Publishers},
  year      = {2018}
}

@article{IlyasC15,
  author    = {Ihab F. Ilyas and
               Xu Chu},
  title     = {Trends in Cleaning Relational Data: Consistency and Deduplication},
  journal   = {Found. Trends Databases},
  volume    = {5},
  number    = {4},
  pages     = {281--393},
  year      = {2015},
  url       = {https://doi.org/10.1561/1900000045},
  doi       = {10.1561/1900000045},
  timestamp = {Sat, 25 Apr 2020 14:00:55 +0200},
  biburl    = {https://dblp.org/rec/journals/ftdb/IlyasC15.bib},
  bibsource = {dblp computer science bibliography, https://dblp.org}
}

@article{Ilyas16DE,
  author    = {Ihab F. Ilyas},
  title     = {Effective Data Cleaning with Continuous Evaluation},
  journal   = {{IEEE} Data Eng. Bull.},
  volume    = {39},
  number    = {2},
  pages     = {38--46},
  year      = {2016},
  url       = {http://sites.computer.org/debull/A16june/p38.pdf},
  timestamp = {Tue, 10 Mar 2020 16:23:50 +0100},
  biburl    = {https://dblp.org/rec/journals/debu/Ilyas16.bib},
  bibsource = {dblp computer science bibliography, https://dblp.org}
}

@inproceedings{DBLP:conf/sigmod/MeliouGNS11,
 title={Tracing data errors with view-conditioned causality},
  author={Meliou, Alexandra and Gatterbauer, Wolfgang and Nath, Suman and Suciu, Dan},
  booktitle=SIGMOD,
  pages={505--516},
  year={2011},
}

@inproceedings{DBLP:conf/sigmod/ChalamallaIOP14,
    title={Descriptive and prescriptive data cleaning},
  author={Chalamalla, Anup and Ilyas, Ihab F and Ouzzani, Mourad and Papotti, Paolo},
  booktitle=SIGMOD,
  pages={445--456},
  year={2014},
}

@article{DBLP:journals/pvldb/0002M13,
  title={Scorpion: Explaining away outliers in aggregate queries},
  author={Wu, Eugene and Madden, Samuel},
  journal=PVLDB,
  volume={6},
  number={8},
  pages={553--564},
  year={2013},
}

@article{DBLP:journals/ftdb/GlavicMR21,
  author    = {Boris Glavic and
               Alexandra Meliou and
               Sudeepa Roy},
  title     = {Trends in Explanations: Understanding and Debugging Data-driven Systems},
  journal   = {Found. Trends Databases},
  volume    = {11},
  number    = {3},
  pages     = {226--318},
  year      = {2021},
  url       = {https://doi.org/10.1561/1900000074},
  doi       = {10.1561/1900000074},
  timestamp = {Thu, 05 Aug 2021 17:55:26 +0200},
  biburl    = {https://dblp.org/rec/journals/ftdb/GlavicMR21.bib},
  bibsource = {dblp computer science bibliography, https://dblp.org}
}

@inproceedings{DBLP:conf/sigmod/WangM017,
  author    = {Xiaolan Wang and
               Alexandra Meliou and
               Eugene Wu},
  title     = {QFix: Diagnosing Errors through Query Histories},
  booktitle = SIGMOD,
  pages     = {1369--1384},
  publisher = {{ACM}},
  year      = {2017}
}

@article{DBLP:journals/corr/abs-2202-00622,
  author    = {Andrew Ilyas and
               Sung Min Park and
               Logan Engstrom and
               Guillaume Leclerc and
               Aleksander Madry},
  title     = {Datamodels: Predicting Predictions from Training Data},
  journal   = {CoRR},
  volume    = {abs/2202.00622},
  year      = {2022},
  url       = {https://arxiv.org/abs/2202.00622},
  eprinttype = {arXiv},
  eprint    = {2202.00622},
  timestamp = {Thu, 10 Feb 2022 10:33:27 +0100},
  biburl    = {https://dblp.org/rec/journals/corr/abs-2202-00622.bib},
  bibsource = {dblp computer science bibliography, https://dblp.org}
}

@article{DBLP:journals/vldb/DeutchMT15,
  author    = {Daniel Deutch and
               Yuval Moskovitch and
               Val Tannen},
  title     = {Provenance-based analysis of data-centric processes},
  journal   = VLDBJ,
  volume    = {24},
  number    = {4},
  pages     = {583--607},
  year      = {2015},
  url       = {https://doi.org/10.1007/s00778-015-0390-5},
  doi       = {10.1007/s00778-015-0390-5},
  timestamp = {Sun, 28 May 2017 13:19:16 +0200},
  biburl    = {https://dblp.org/rec/journals/vldb/DeutchMT15.bib},
  bibsource = {dblp computer science bibliography, https://dblp.org}
}

@article{DBLP:journals/dke/ButtF21,
  author    = {Anila Sahar Butt and
               Peter Fitch},
  title     = {A provenance model for control-flow driven scientific workflows},
  journal   = {Data Knowl. Eng.},
  volume    = {131-132},
  pages     = {101877},
  year      = {2021},
  url       = {https://doi.org/10.1016/j.datak.2021.101877},
  doi       = {10.1016/j.datak.2021.101877},
  timestamp = {Tue, 20 Apr 2021 16:21:09 +0200},
  biburl    = {https://dblp.org/rec/journals/dke/ButtF21.bib},
  bibsource = {dblp computer science bibliography, https://dblp.org}
}

@inproceedings{yeye-unidetect,
  author    = {Pei Wang and
               Yeye He},
  title     = {Uni-Detect: {A} Unified Approach to Automated Error Detection in Tables},
  booktitle = SIGMOD,
  pages     = {811--828},
  publisher = {{ACM}},
  year      = {2019},
  url       = {https://doi.org/10.1145/3299869.3319855},
  doi       = {10.1145/3299869.3319855},
  timestamp = {Sat, 22 Jun 2019 17:10:04 +0200},
  biburl    = {https://dblp.org/rec/conf/sigmod/WangH19.bib},
  bibsource = {dblp computer science bibliography, https://dblp.org}
}

@InProceedings{pmlr-koh-Liang,
  title = 	 {Understanding Black-box Predictions via Influence Functions},
  author =       {Pang Wei Koh and Percy Liang},
  booktitle = 	 ICML,
  pages = 	 {1885--1894},
  year = 	 {2017},
  editor = 	 {Precup, Doina and Teh, Yee Whye},
  volume = 	 {70},
  publisher =    {PMLR}
}

@article{DBLP:journals/corr/abs-2002-08484,
  author    = {Garima Pruthi and
               Frederick Liu and
               Mukund Sundararajan and
               Satyen Kale},
  title     = {Estimating Training Data Influence by Tracking Gradient Descent},
  journal   = {CoRR},
  volume    = {abs/2002.08484},
  year      = {2020},
  url       = {https://arxiv.org/abs/2002.08484},
  eprinttype = {arXiv},
  eprint    = {2002.08484},
  timestamp = {Mon, 02 Mar 2020 16:46:06 +0100},
  biburl    = {https://dblp.org/rec/journals/corr/abs-2002-08484.bib},
  bibsource = {dblp computer science bibliography, https://dblp.org}
}


@Article{bleifuss2018exploringchange,
  author  = {Bleifu\ss, Tobias and Bornemann, Leon and Johnson, Theodore and Kalashnikov, Dmitri V. and Naumann, Felix and Srivastava, Divesh},
  title   = {Exploring Change - A New Dimension of Data Analytics},
  journal = PVLDB,
  year    = {2018},
  volume  = {12},
  number  = {2},
  pages   = {85-98},
}


