@article{dong2020interactive,
	title={An interactive web-based dashboard to track COVID-19 in real time},
	author={Dong, Ensheng and Du, Hongru and Gardner, Lauren},
	journal={The Lancet Infectious Diseases},
	year={2020},
	publisher={Elsevier}
}

@article{carcione2020simulation1,
	title={A simulation of a COVID-19 epidemic based on a deterministic SEIR model},
	author={Carcione, Jos{\'e} M and Santos, Juan E and Bagaini, Claudio and Ba, Jing},
	journal={arXiv preprint arXiv:2004.03575},
	year={2020}
}

@article{kermackcontribution,
	title={A contribution to the mathematical theory of epidemics},
	author={Kermack, William Ogilvy and McKendrick, Anderson G},
	journal={Proceedings of the royal society of london. Series A, Containing papers of a mathematical and physical character},
	year={1927},
	publisher={The Royal Society London}
}

@inproceedings{DBLP:conf/kdd/PaulLTYF17,
	author    = {Debjyoti Paul and
	Feifei Li and
	Murali Krishna Teja and
	Xin Yu and
	Richie Frost},
	title     = {Compass: Spatio Temporal Sentiment Analysis of {US} Election What
	Twitter Says!},
	booktitle = {SIGKDD},
	year      = {2017},
}

@article{rocklov2020high,
	title={High population densities catalyse the spread of COVID-19},
	author={Rockl{\"o}v, Joacim and Sj{\"o}din, Henrik},
	journal={Journal of travel medicine},
	volume={27},
	number={3},
	pages={taaa038},
	year={2020},
	publisher={Oxford University Press}
}

@article{DBLP:journals/vldb/QinLTL20,
  author    = {Xuedi Qin and
               Yuyu Luo and
               Nan Tang and
               Guoliang Li},
  title     = {Making data visualization more efficient and effective: a survey},
  journal   = {{VLDB} J.},
  volume    = {29},
  number    = {1},
  pages     = {93--117},
  year      = {2020},
  url       = {https://doi.org/10.1007/s00778-019-00588-3},
  doi       = {10.1007/s00778-019-00588-3},
  timestamp = {Thu, 06 Feb 2020 18:13:19 +0100},
  biburl    = {https://dblp.org/rec/journals/vldb/QinLTL20.bib},
  bibsource = {dblp computer science bibliography, https://dblp.org}
}

@article{DBLP:journals/vi/LiMSSZWZC18,
  author    = {Deqing Li and
               Honghui Mei and
               Yi Shen and
               Shuang Su and
               Wenli Zhang and
               Junting Wang and
               Ming Zu and
               Wei Chen},
  title     = {ECharts: {A} declarative framework for rapid construction of web-based
               visualization},
  journal   = {Vis. Informatics},
  volume    = {2},
  number    = {2},
  pages     = {136--146},
  year      = {2018},
  url       = {https://doi.org/10.1016/j.visinf.2018.04.011},
  doi       = {10.1016/j.visinf.2018.04.011},
  timestamp = {Mon, 02 Mar 2020 16:22:27 +0100},
  biburl    = {https://dblp.org/rec/journals/vi/LiMSSZWZC18.bib},
  bibsource = {dblp computer science bibliography, https://dblp.org}
}

@article{10.14778/3137765.3137833,
author = {Li, Guoliang},
title = {Human-in-the-Loop Data Integration},
year = {2017},
issue_date = {August 2017},
publisher = {VLDB Endowment},
volume = {10},
number = {12},
issn = {2150-8097},
url = {https://doi.org/10.14778/3137765.3137833},
doi = {10.14778/3137765.3137833},
journal = {Proc. VLDB Endow.},
month = aug,
pages = {2006â€“2017},
numpages = {12}
}
  


@article{DBLP:journals/pvldb/AbedjanCDFIOPST16,
  author    = {Ziawasch Abedjan and
               Xu Chu and et.al.},
  title     = {Detecting Data Errors: Where are we and what needs to be done?},
  journal   = {{PVLDB}},
  volume    = {9},
  number    = {12},
  pages     = {993--1004},
  year      = {2016},
}

@inproceedings{DBLP:conf/cidr/BinnigSKUZZ17,
  author    = {Carsten Binnig and
               Lorenzo De Stefani and
               Tim Kraska and
               Eli Upfal and
               Emanuel Zgraggen and
               Zheguang Zhao},
  title     = {Toward Sustainable Insights, or Why Polygamy is Bad for You},
  booktitle = {{CIDR}},
}

@inproceedings{visclean-icde,
	author    = {Yuyu Luo and Chengliang Chai and Xuedi Qin and Nan Tang and
	Guoliang Li},
	title     = {Interactive Cleaning for Progressive Visualization through Composite Questions},
	booktitle = {ICDE},
	year = {2020}
}

@inproceedings{deepeyeicde,
	author    = {Yuyu Luo and
	Xuedi Qin and
	Nan Tang and
	Guoliang Li},
	title     = {{DeepEye: Towards Automatic Data Visualization}},
	booktitle = {ICDE},
	year      = {2018},
}