@inproceedings{BB19,
  Abstract = {We present Vizier, a multi-modal data exploration and debugging tool. The system supports a wide range of operations by seamlessly integrating Python, SQL, and automated data curation and debugging methods. Using Spark as an execution backend, Vizier handles large datasets in multiple formats. Ease-of-use is attained through integration of a notebook with a spreadsheet-style interface and with visualizations that guide and support the user in the loop. In addition, native support for provenance and versioning enable collaboration and uncertainty management. In this demonstration we will illustrate the diverse features of the system using several realistic data science tasks based on real data.},
  Author = {Mike Brachmann and Carlos Bautista and Sonia Castelo and Su Feng and Juliana Freire and Boris Glavic and Oliver Kennedy and Heiko M{\"u}ller and R{\'e}mi Rampin and William Spoth and Ying Yang},
  Booktitle = {Proceedings of the 44th International Conference on Management of Data (Demonstration Track)},
  Date-Added = {2019-04-04 12:35:02 -0500},
  Date-Modified = {2019-04-04 12:35:02 -0500},
  Istoappear = {true},
  Keywords = {Vizier},
  pdf = {/Users/lord_pretzel/Documents/PaperGit/Papers/BB19-2019-Data_Debugging_and_Exploration_with_Vizier-Brachmann_Bautista.pdf},
  Projects = {Vizier},
  Title = {Data Debugging and Exploration with Vizier},
  Venueshort = {SIGMOD},
  Year = {2019},
}


@inproceedings{kumari:2021:cidr:datasense,
  author = {Kumari, Poonam and Brachmann, Michael and Kennedy, Oliver and Feng, Su and Glavic, Boris},
  title = {DataSense: Display Agnostic Data Documentation},
  booktitle = {CIDR},
  year = {2021},
}


@inproceedings{FH21,
  Author = {Su Feng and Aaron Huber and Boris Glavic and Oliver Kennedy},
  Booktitle = {Proceedings of the 46th International Conference on Management of Data},
  pdf = {/Users/lord_pretzel/Documents/PaperGit/Papers/FH21-2021-Efficient_Uncertainty_Tracking_for_Complex_Queries_with_Attribute-level_Bounds-Feng_Huber.pdf},
  Keywords = {UA-DB; Vizier},
  Pages = {528 â€“ 540},
  Projects = {Vizier; UA-DB},
  Title = {Efficient Uncertainty Tracking for Complex Queries with Attribute-level Bounds},
  Venueshort = {SIGMOD},
  Longversionurl = {https://arxiv.org/pdf/2102.11796},
  video = {https://www.youtube.com/watch?v=HRYA__Q3aGs},
  istoappear = {true},
  Year = {2021},
}

@inproceedings{FH19,
  Author = {Su Feng and Aaron Huber and Boris Glavic and Oliver Kennedy},
  Booktitle = {Proceedings of the 44th International Conference on Management of Data},
  Date-Added = {2019-04-04 12:35:02 -0500},
  Date-Modified = {2019-04-04 12:35:02 -0500},
  Istoappear = {true},
  Keywords = {UADB; Vizier},
  pdf = {/Users/lord_pretzel/Documents/PaperGit/Papers/FHGK19_Uncertainty Annotated Databases - A Lightweight Approach for Approximating Certain Answers.pdf},
  Projects = {Vizier},
  Title = {Uncertainty Annotated Databases - A Lightweight Approach for Approximating Certain Answers},
  Venueshort = {SIGMOD},
  Year = {2019},
  Bdsk-File-1 = {YnBsaXN0MDDSAQIDBFxyZWxhdGl2ZVBhdGhZYWxpYXNEYXRhXxB4Li4vUGFwZXJHaXQvUGFwZXJzL0ZIR0sxOV9VbmNlcnRhaW50eSBBbm5vdGF0ZWQgRGF0YWJhc2VzIC0gQSBMaWdodHdlaWdodCBBcHByb2FjaCBmb3IgQXBwcm94aW1hdGluZyBDZXJ0YWluIEFuc3dlcnMucGRmTxECzAAAAAACzAACAAAMTWFjaW50b3NoIEhEAAAAAAAAAAAAAAAAAAAAAAAAAEJEAAH/////H0ZIR0sxOV9VbmNlcnRhaW50eSNGRkZGRkZGRi5wZGYAAAAAAAAAAAAAAAAAAAAAAAAAAAAAAAAAAAAAAAAAAP////8AAAAAAAAAAAAAAAAAAQADAAAKIGN1AAAAAAAAAAAAAAAAAAZQYXBlcnMAAgCULzpVc2Vyczpsb3JkX3ByZXR6ZWw6RG9jdW1lbnRzOlBhcGVyR2l0OlBhcGVyczpGSEdLMTlfVW5jZXJ0YWludHkgQW5ub3RhdGVkIERhdGFiYXNlcyAtIEEgTGlnaHR3ZWlnaHQgQXBwcm9hY2ggZm9yIEFwcHJveGltYXRpbmcgQ2VydGFpbiBBbnN3ZXJzLnBkZgAOAMwAZQBGAEgARwBLADEAOQBfAFUAbgBjAGUAcgB0AGEAaQBuAHQAeQAgAEEAbgBuAG8AdABhAHQAZQBkACAARABhAHQAYQBiAGEAcwBlAHMAIAAtACAAQQAgAEwAaQBnAGgAdAB3AGUAaQBnAGgAdAAgAEEAcABwAHIAbwBhAGMAaAAgAGYAbwByACAAQQBwAHAAcgBvAHgAaQBtAGEAdABpAG4AZwAgAEMAZQByAHQAYQBpAG4AIABBAG4AcwB3AGUAcgBzAC4AcABkAGYADwAaAAwATQBhAGMAaQBuAHQAbwBzAGgAIABIAEQAEgCSVXNlcnMvbG9yZF9wcmV0emVsL0RvY3VtZW50cy9QYXBlckdpdC9QYXBlcnMvRkhHSzE5X1VuY2VydGFpbnR5IEFubm90YXRlZCBEYXRhYmFzZXMgLSBBIExpZ2h0d2VpZ2h0IEFwcHJvYWNoIGZvciBBcHByb3hpbWF0aW5nIENlcnRhaW4gQW5zd2Vycy5wZGYAEwABLwAAFQACABP//wAAAAgADQAaACQAnwAAAAAAAAIBAAAAAAAAAAUAAAAAAAAAAAAAAAAAAANv},
}

@inproceedings{DG22,
  Author = {Nachiket Deo and Boris Glavic and Oliver Kennedy},
  Booktitle = {Proceedings of the 14th International Workshop on the Theory and Practice of Provenance},
  Isworkshop = {true},
  Keywords = {Provenance; Notebooks},
  Pdfurl = {http://cs.iit.edu/%7edbgroup/assets/pdfpubls/DG22.pdf},
  Projects = {Vizier},
  Title = {Runtime Provenance Refinement for Notebooks},
  Venueshort = {TaPP},
  istoappear = {yes},
  Year = {2022},
}


@inproceedings{BS20,
  Abstract = { Notebook and spreadsheet systems are currently the defacto standard for data collection, preparation, and analysis. However, these systems have been criticized for their lack of reproducibility, versioning, and support for sharing. These shortcomings are particularly detrimental for data curation where data scientists iteratively build workflows to clean up and integrate data as a prerequisite for analysis. We present Vizier, an open-source tool that helps analysts to build and refine data pipelines. Vizier combines the flexibility of notebooks with the easy-to-use data manipulation interface of spreadsheets. Combined with advanced provenance tracking for both data and computational steps this enables reproducibility, versioning, and streamlined data exploration. Unique to Vizier is that it exposes potential issues with data, no matter whether they already exist in the input or are introduced by the operations of a notebook. We refer to such potential errors as data caveats. Caveats are propagated alongside data using principled techniques from uncertain data management. Vizier provides extensive user interface support for caveats, e.g., exposing them as summaries in a dedicated error view and highlighting cells with caveats in spreadsheets. },
  Author = {Michael Brachmann and William Spoth and Oliver Kennedy and Boris Glavic and Heiko M\"{u}ller and Sonia Castel and Carlos Bautista and Juliana Freire},
  Title = {Your notebook is not crumby enough, REPLace it},
  Booktitle = {Proceedings of the 10th Conference on Innovative Data Systems},
  Year = {2020},
  Projects = {Vizier},
  Keywords = {Provenance Missing Answers},
  pdf = {/Users/lord_pretzel/Documents/PaperGit/Papers/BS20-2020-Your_notebook_is_not_crumby_enough_REPLace_it-Brachmann_Spoth.pdf},
  Venueshort = {CIDR},
}

@inproceedings{FG16,
  Author = {Juliana Freire and Boris Glavic and Oliver Kennedy and Heiko M\"{u}ller},
  Booktitle = {SIGMOD Workshop on Human-In-the-Loop Data Analytics},
  Date-Added = {2019-04-04 12:35:02 -0500},
  Date-Modified = {2019-04-04 12:35:02 -0500},
  Isworkshop = {true},
  Keywords = {Vizier; Provenance; Data Cleaning},
  pdf = {/Users/lord_pretzel/Documents/PaperGit/Papers/FG16-2016-The_Exception_that_Improves_the_Rule-Freire_Glavic.pdf},
  Projects = {Vizier},
  Title = {{The Exception that Improves the Rule}},
  Venueshort = {HILDA},
  Year = {2016},
  Bdsk-Url-1 = {http://cs.iit.edu/%7edbgroup/assets/pdfpubls/FG16.pdf},
}

@incollection{FS06,
  Author = {Freire, Juliana and Silva, Cl{\'a}udio T and Callahan, Steven P and Santos, Emanuele and Scheidegger, Carlos E and Vo, Huy T},
  Booktitle = {Provenance and Annotation of Data},
  pdf = {/Users/lord_pretzel/Documents/PaperGit/Papers/FSCSSV06_Managing rapidly-evolving scientific workflows.pdf},
  Date-Added = {2016-02-15 17:57:31 +0000},
  Date-Modified = {2016-02-15 17:57:33 +0000},
  Pages = {10--18},
  Publisher = {Springer},
  Title = {Managing rapidly-evolving scientific workflows},
  Year = {2006},
  Bdsk-File-1 = {YnBsaXN0MDDSAQIDBFxyZWxhdGl2ZVBhdGhZYWxpYXNEYXRhXxBOLi4vUGFwZXJHaXQvUGFwZXJzL0ZTQ1NTVjA2X01hbmFnaW5nIHJhcGlkbHktZXZvbHZpbmcgc2NpZW50aWZpYyB3b3JrZmxvd3MucGRmTxECJAAAAAACJAACAAAMTWFjaW50b3NoIEhEAAAAAAAAAAAAAAAAAAAAAAAAAEJEAAH/////H0ZTQ1NTVjA2X01hbmFnaW5nICNGRkZGRkZGRi5wZGYAAAAAAAAAAAAAAAAAAAAAAAAAAAAAAAAAAAAAAAAAAP////8AAAAAAAAAAAAAAAAAAQADAAAKIGN1AAAAAAAAAAAAAAAAAAZQYXBlcnMAAgBqLzpVc2Vyczpsb3JkX3ByZXR6ZWw6RG9jdW1lbnRzOlBhcGVyR2l0OlBhcGVyczpGU0NTU1YwNl9NYW5hZ2luZyByYXBpZGx5LWV2b2x2aW5nIHNjaWVudGlmaWMgd29ya2Zsb3dzLnBkZgAOAHgAOwBGAFMAQwBTAFMAVgAwADYAXwBNAGEAbgBhAGcAaQBuAGcAIAByAGEAcABpAGQAbAB5AC0AZQB2AG8AbAB2AGkAbgBnACAAcwBjAGkAZQBuAHQAaQBmAGkAYwAgAHcAbwByAGsAZgBsAG8AdwBzAC4AcABkAGYADwAaAAwATQBhAGMAaQBuAHQAbwBzAGgAIABIAEQAEgBoVXNlcnMvbG9yZF9wcmV0emVsL0RvY3VtZW50cy9QYXBlckdpdC9QYXBlcnMvRlNDU1NWMDZfTWFuYWdpbmcgcmFwaWRseS1ldm9sdmluZyBzY2llbnRpZmljIHdvcmtmbG93cy5wZGYAEwABLwAAFQACABP//wAAAAgADQAaACQAdQAAAAAAAAIBAAAAAAAAAAUAAAAAAAAAAAAAAAAAAAKd},
}

@inproceedings{AX15,
  Author = {Michael Armbrust and Reynold S. Xin and Cheng Lian and Yin Huai and Davies Liu and Joseph K. Bradley and Xiangrui Meng and Tomer Kaftan and Michael J. Franklin and Ali Ghodsi and Matei Zaharia},
  Booktitle = {Proceedings of the ACM International Conference on Management of Data (SIGMO)},
  pdf = {/Users/lord_pretzel/Documents/PaperGit/Papers/AXLHLBMKFGo15_Spark SQL Relational data processing in Spark.pdf},
  Date-Added = {2015-07-15 20:43:50 +0000},
  Date-Modified = {2017-11-28 23:26:29 +0000},
  Organization = {ACM},
  Pages = {1383--1394},
  Title = {Spark SQL: Relational data processing in Spark},
  Year = {2015},
  Bdsk-File-1 = {YnBsaXN0MDDSAQIDBFxyZWxhdGl2ZVBhdGhZYWxpYXNEYXRhXxBSLi4vUGFwZXJHaXQvUGFwZXJzL0FYTEhMQk1LRkdvMTVfU3BhcmsgU1FMIFJlbGF0aW9uYWwgZGF0YSBwcm9jZXNzaW5nIGluIFNwYXJrLnBkZk8RAjQAAAAAAjQAAgAADE1hY2ludG9zaCBIRAAAAAAAAAAAAAAAAAAAAAAAAABCRAAB/////x9BWExITEJNS0ZHbzE1X1NwYXIjRkZGRkZGRkYucGRmAAAAAAAAAAAAAAAAAAAAAAAAAAAAAAAAAAAAAAAAAAD/////AAAAAAAAAAAAAAAAAAEAAwAACiBjdQAAAAAAAAAAAAAAAAAGUGFwZXJzAAIAbi86VXNlcnM6bG9yZF9wcmV0emVsOkRvY3VtZW50czpQYXBlckdpdDpQYXBlcnM6QVhMSExCTUtGR28xNV9TcGFyayBTUUwgUmVsYXRpb25hbCBkYXRhIHByb2Nlc3NpbmcgaW4gU3BhcmsucGRmAA4AgAA/AEEAWABMAEgATABCAE0ASwBGAEcAbwAxADUAXwBTAHAAYQByAGsAIABTAFEATAAgAFIAZQBsAGEAdABpAG8AbgBhAGwAIABkAGEAdABhACAAcAByAG8AYwBlAHMAcwBpAG4AZwAgAGkAbgAgAFMAcABhAHIAawAuAHAAZABmAA8AGgAMAE0AYQBjAGkAbgB0AG8AcwBoACAASABEABIAbFVzZXJzL2xvcmRfcHJldHplbC9Eb2N1bWVudHMvUGFwZXJHaXQvUGFwZXJzL0FYTEhMQk1LRkdvMTVfU3BhcmsgU1FMIFJlbGF0aW9uYWwgZGF0YSBwcm9jZXNzaW5nIGluIFNwYXJrLnBkZgATAAEvAAAVAAIAE///AAAACAANABoAJAB5AAAAAAAAAgEAAAAAAAAABQAAAAAAAAAAAAAAAAAAArE=},
}

@inproceedings{bendre-19-fhs,
  author = {Mangesh Bendre and Tana Wattanawaroon and Sajjadur Rahman and Kelly Mack and Yuyang Liu and Shichu Zhu and Yu Lu and Ping{-}Jing Yang and Xinyan Zhou and Kevin Chen{-}Chuan Chang and Karrie Karahalios and Aditya G. Parameswaran},
  title = {Faster, Higher, Stronger: Redesigning Spreadsheets for Scale},
  pdf = {/Users/lord_pretzel/Documents/PaperGit/Papers/bendre-19-fhs-2019-Faster_Higher_Stronger_Redesigning_Spreadsheets_for_Scale-Bendre_Wattanawaroon.pdf},
  booktitle = {35th {IEEE} International Conference on Data Engineering, {ICDE} 2019, Macao, China, April 8-11, 2019},
  year = {2019},
  pages = {1972--1975},
  doi = {10.1109/ICDE.2019.00217},
  url = {https://doi.org/10.1109/ICDE.2019.00217},
  bibsource = {dblp computer science bibliography, https://dblp.org},
  biburl = {https://dblp.org/rec/conf/icde/BendreWRMLZLYZC19.bib},
  timestamp = {Wed, 16 Oct 2019 14:14:56 +0200},
  publisher = {{IEEE}},
  isbn = {978-1-5386-7474-1},
}

@inproceedings{PM19,
  Author = {Jo{\~{a}}o Felipe Pimentel and Leonardo Murta and Vanessa Braganholo and Juliana Freire},
  Bibsource = {dblp computer science bibliography, https://dblp.org},
  pdf = {/Users/lord_pretzel/Documents/PaperGit/Papers/PMBF19_A large-scale study about quality and reproducibility of jupyter notebooks.pdf},
  Biburl = {https://dblp.org/rec/bib/conf/msr/PimentelMBF19},
  Booktitle = {Proceedings of the 16th International Conference on Mining Software Repositories, {MSR} 2019, 26-27 May 2019, Montreal, Canada.},
  Date-Modified = {2019-11-04 14:59:45 -0600},
  Doi = {10.1109/MSR.2019.00077},
  Pages = {507--517},
  Timestamp = {Wed, 04 Sep 2019 14:40:26 +0200},
  Title = {A large-scale study about quality and reproducibility of jupyter notebooks},
  Url = {https://doi.org/10.1109/MSR.2019.00077},
  Year = {2019},
  Bdsk-File-1 = {YnBsaXN0MDDSAQIDBFxyZWxhdGl2ZVBhdGhZYWxpYXNEYXRhXxBoLi4vUGFwZXJHaXQvUGFwZXJzL1BNQkYxOV9BIGxhcmdlLXNjYWxlIHN0dWR5IGFib3V0IHF1YWxpdHkgYW5kIHJlcHJvZHVjaWJpbGl0eSBvZiBqdXB5dGVyIG5vdGVib29rcy5wZGZPEQKMAAAAAAKMAAIAAAxNYWNpbnRvc2ggSEQAAAAAAAAAAAAAAAAAAAAAAAAAQkQAAf////8fUE1CRjE5X0EgbGFyZ2Utc2NhI0ZGRkZGRkZGLnBkZgAAAAAAAAAAAAAAAAAAAAAAAAAAAAAAAAAAAAAAAAAA/////wAAAAAAAAAAAAAAAAABAAMAAAogY3UAAAAAAAAAAAAAAAAABlBhcGVycwACAIQvOlVzZXJzOmxvcmRfcHJldHplbDpEb2N1bWVudHM6UGFwZXJHaXQ6UGFwZXJzOlBNQkYxOV9BIGxhcmdlLXNjYWxlIHN0dWR5IGFib3V0IHF1YWxpdHkgYW5kIHJlcHJvZHVjaWJpbGl0eSBvZiBqdXB5dGVyIG5vdGVib29rcy5wZGYADgCsAFUAUABNAEIARgAxADkAXwBBACAAbABhAHIAZwBlAC0AcwBjAGEAbABlACAAcwB0AHUAZAB5ACAAYQBiAG8AdQB0ACAAcQB1AGEAbABpAHQAeQAgAGEAbgBkACAAcgBlAHAAcgBvAGQAdQBjAGkAYgBpAGwAaQB0AHkAIABvAGYAIABqAHUAcAB5AHQAZQByACAAbgBvAHQAZQBiAG8AbwBrAHMALgBwAGQAZgAPABoADABNAGEAYwBpAG4AdABvAHMAaAAgAEgARAASAIJVc2Vycy9sb3JkX3ByZXR6ZWwvRG9jdW1lbnRzL1BhcGVyR2l0L1BhcGVycy9QTUJGMTlfQSBsYXJnZS1zY2FsZSBzdHVkeSBhYm91dCBxdWFsaXR5IGFuZCByZXByb2R1Y2liaWxpdHkgb2YganVweXRlciBub3RlYm9va3MucGRmABMAAS8AABUAAgAT//8AAAAIAA0AGgAkAI8AAAAAAAACAQAAAAAAAAAFAAAAAAAAAAAAAAAAAAADHw==},
  Editor = {Margaret{-}Anne D. Storey and Bram Adams and Sonia Haiduc},
  Isbn = {978-1-7281-3412-3},
  Publisher = {{IEEE} / {ACM}},
}

% Optional fields: author, title, howpublished, month, year, note
@MISC{vanderplass:2017:reproducibility,
  howpublished = {\url{https://twitter.com/jakevdp/status/935178916490223616}},
  title = {Idea: Jupyter notebooks could have a "reproducibility mode"},
  author = {Jake VanderPlas}
}

% Optional fields: author, title, howpublished, month, year, note
@MISC{zelnicki:2017:nodebook,
  howpublished = {\url{https://multithreaded.stitchfix.com/blog/2017/07/26/nodebook/}},
  author = {Kevin Zielnicki},
  title = {Nodebook}
}

% Optional fields: author, title, howpublished, month, year, note
@MISC{jobevers:2018:jupyterOrderOfExec,
  howpublished = {\url{https://github.com/jupyter/notebook/issues/3229}},
  author = {Job Evers-Meltzer},
  title = {Enforce a top-down order of execution}
}

@MISC{nyt:wrangling,
  howpublished = {\url{http://nyti.ms/1Aqif2X}},
  author = {S. Lohr},
  title = {For big-data scientists, â€˜janitor workâ€™ is key hurdle to insights.},
  year = {2014}
  }

@article{AS10,
  Author = {Agrawal, Parag and Sarma, Anish Das and Ullman, Jeffrey and Widom, Jennifer},
  Date-Added = {2013-04-22 14:03:35 +0000},
  pdf = {/Users/lord_pretzel/Documents/PaperGit/Papers/ASUW10_Foundations of uncertain-data integration.pdf},
  Date-Modified = {2013-08-21 01:11:10 +0000},
  Journal = {Proceedings of the VLDB Endowment},
  Number = {1-2},
  Pages = {1080--1090},
  Publisher = {VLDB Endowment},
  Title = {Foundations of uncertain-data integration},
  Volume = {3},
  Year = {2010},
  Bdsk-File-1 = {YnBsaXN0MDDSAQIDBFxyZWxhdGl2ZVBhdGhZYWxpYXNEYXRhXxBHLi4vUGFwZXJHaXQvUGFwZXJzL0FTVVcxMF9Gb3VuZGF0aW9ucyBvZiB1bmNlcnRhaW4tZGF0YSBpbnRlZ3JhdGlvbi5wZGZPEQIKAAAAAAIKAAIAAAxNYWNpbnRvc2ggSEQAAAAAAAAAAAAAAAAAAAAAAAAAQkQAAf////8fQVNVVzEwX0ZvdW5kYXRpb25zI0ZGRkZGRkZGLnBkZgAAAAAAAAAAAAAAAAAAAAAAAAAAAAAAAAAAAAAAAAAA/////wAAAABQREYgAAAAAAABAAMAAAogY3UAAAAAAAAAAAAAAAAABlBhcGVycwACAGMvOlVzZXJzOmxvcmRfcHJldHplbDpEb2N1bWVudHM6UGFwZXJHaXQ6UGFwZXJzOkFTVVcxMF9Gb3VuZGF0aW9ucyBvZiB1bmNlcnRhaW4tZGF0YSBpbnRlZ3JhdGlvbi5wZGYAAA4AagA0AEEAUwBVAFcAMQAwAF8ARgBvAHUAbgBkAGEAdABpAG8AbgBzACAAbwBmACAAdQBuAGMAZQByAHQAYQBpAG4ALQBkAGEAdABhACAAaQBuAHQAZQBnAHIAYQB0AGkAbwBuAC4AcABkAGYADwAaAAwATQBhAGMAaQBuAHQAbwBzAGgAIABIAEQAEgBhVXNlcnMvbG9yZF9wcmV0emVsL0RvY3VtZW50cy9QYXBlckdpdC9QYXBlcnMvQVNVVzEwX0ZvdW5kYXRpb25zIG9mIHVuY2VydGFpbi1kYXRhIGludGVncmF0aW9uLnBkZgAAEwABLwAAFQACABP//wAAAAgADQAaACQAbgAAAAAAAAIBAAAAAAAAAAUAAAAAAAAAAAAAAAAAAAJ8},
}

@inproceedings{HR06,
  Author = {Halevy, Alon and Rajaraman, Anand and Ordille, Joann},
  Booktitle = {Proceedings of the 32nd international conference on Very large data bases},
  pdf = {/Users/lord_pretzel/Documents/PaperGit/Papers/HRO06_Data integration the teenage years.pdf},
  Date-Added = {2013-11-15 05:53:23 +0000},
  Date-Modified = {2013-11-15 05:53:28 +0000},
  Organization = {VLDB Endowment},
  Pages = {9--16},
  Title = {Data integration: the teenage years},
  Year = {2006},
  Bdsk-File-1 = {YnBsaXN0MDDSAQIDBFxyZWxhdGl2ZVBhdGhZYWxpYXNEYXRhXxA/Li4vUGFwZXJHaXQvUGFwZXJzL0hSTzA2X0RhdGEgaW50ZWdyYXRpb24gdGhlIHRlZW5hZ2UgeWVhcnMucGRmTxEB6gAAAAAB6gACAAAMTWFjaW50b3NoIEhEAAAAAAAAAAAAAAAAAAAAAAAAAEJEAAH/////H0hSTzA2X0RhdGEgaW50ZWdyYSNGRkZGRkZGRi5wZGYAAAAAAAAAAAAAAAAAAAAAAAAAAAAAAAAAAAAAAAAAAP////8AAAAAAAAAAAAAAAAAAQADAAAKIGN1AAAAAAAAAAAAAAAAAAZQYXBlcnMAAgBbLzpVc2Vyczpsb3JkX3ByZXR6ZWw6RG9jdW1lbnRzOlBhcGVyR2l0OlBhcGVyczpIUk8wNl9EYXRhIGludGVncmF0aW9uIHRoZSB0ZWVuYWdlIHllYXJzLnBkZgAADgBaACwASABSAE8AMAA2AF8ARABhAHQAYQAgAGkAbgB0AGUAZwByAGEAdABpAG8AbgAgAHQAaABlACAAdABlAGUAbgBhAGcAZQAgAHkAZQBhAHIAcwAuAHAAZABmAA8AGgAMAE0AYQBjAGkAbgB0AG8AcwBoACAASABEABIAWVVzZXJzL2xvcmRfcHJldHplbC9Eb2N1bWVudHMvUGFwZXJHaXQvUGFwZXJzL0hSTzA2X0RhdGEgaW50ZWdyYXRpb24gdGhlIHRlZW5hZ2UgeWVhcnMucGRmAAATAAEvAAAVAAIAE///AAAACAANABoAJABmAAAAAAAAAgEAAAAAAAAABQAAAAAAAAAAAAAAAAAAAlQ=},
}


@article{YM15,
  Author = {Yang, Ying and Meneghetti, Niccolo and Fehling, Ronny and Liu, Zhen Hua and Kennedy, Oliver},
  Date-Added = {2015-11-19 14:25:06 +0000},
  pdf = {/Users/lord_pretzel/Documents/PaperGit/Papers/YMFLK15_Lenses an on-demand approach to ETL.pdf},
  Date-Modified = {2016-03-14 18:02:54 +0000},
  Journal = {Proceedings of the VLDB Endowment},
  Number = {12},
  Pages = {1578--1589},
  Publisher = {VLDB Endowment},
  Title = {Lenses: an on-demand approach to ETL},
  Volume = {8},
  Year = {2015},
  Bdsk-File-1 = {YnBsaXN0MDDSAQIDBFxyZWxhdGl2ZVBhdGhZYWxpYXNEYXRhXxBCLi4vUGFwZXJHaXQvUGFwZXJzL1lNRkxLMTVfTGVuc2VzIGFuIG9uLWRlbWFuZCBhcHByb2FjaCB0byBFVEwucGRmTxEB9AAAAAAB9AACAAAMTWFjaW50b3NoIEhEAAAAAAAAAAAAAAAAAAAAAAAAAEJEAAH/////H1lNRkxLMTVfTGVuc2VzIGFuICNGRkZGRkZGRi5wZGYAAAAAAAAAAAAAAAAAAAAAAAAAAAAAAAAAAAAAAAAAAP////8AAAAAAAAAAAAAAAAAAQADAAAKIGN1AAAAAAAAAAAAAAAAAAZQYXBlcnMAAgBeLzpVc2Vyczpsb3JkX3ByZXR6ZWw6RG9jdW1lbnRzOlBhcGVyR2l0OlBhcGVyczpZTUZMSzE1X0xlbnNlcyBhbiBvbi1kZW1hbmQgYXBwcm9hY2ggdG8gRVRMLnBkZgAOAGAALwBZAE0ARgBMAEsAMQA1AF8ATABlAG4AcwBlAHMAIABhAG4AIABvAG4ALQBkAGUAbQBhAG4AZAAgAGEAcABwAHIAbwBhAGMAaAAgAHQAbwAgAEUAVABMAC4AcABkAGYADwAaAAwATQBhAGMAaQBuAHQAbwBzAGgAIABIAEQAEgBcVXNlcnMvbG9yZF9wcmV0emVsL0RvY3VtZW50cy9QYXBlckdpdC9QYXBlcnMvWU1GTEsxNV9MZW5zZXMgYW4gb24tZGVtYW5kIGFwcHJvYWNoIHRvIEVUTC5wZGYAEwABLwAAFQACABP//wAAAAgADQAaACQAaQAAAAAAAAIBAAAAAAAAAAUAAAAAAAAAAAAAAAAAAAJh},
}


@inproceedings{BS10a,
  Author = {George Beskales and Mohamed A. Soliman and Ihab F. Ilyas and Shai Ben{-}David and Yubin Kim},
  Bibsource = {dblp computer science bibliography, https://dblp.org},
  pdf = {/Users/lord_pretzel/Documents/PaperGit/Papers/BSIBK10_ProbClean A probabilistic duplicate detection system0.pdf},
  Biburl = {https://dblp.org/rec/bib/conf/icde/BeskalesSIBK10},
  Booktitle = {Proceedings of the 26th International Conference on Data Engineering, {ICDE} 2010, March 1-6, 2010, Long Beach, California, {USA}},
  Crossref = {10a},
  Date-Modified = {2019-11-04 14:59:45 -0600},
  Doi = {10.1109/ICDE.2010.5447744},
  Pages = {1193--1196},
  Timestamp = {Wed, 14 Nov 2018 10:58:25 +0100},
  Title = {ProbClean: {A} probabilistic duplicate detection system},
  Url = {https://doi.org/10.1109/ICDE.2010.5447744},
  Year = {2010},
  Bdsk-File-1 = {YnBsaXN0MDDSAQIDBFxyZWxhdGl2ZVBhdGhZYWxpYXNEYXRhXxBULi4vUGFwZXJHaXQvUGFwZXJzL0JTSUJLMTBfUHJvYkNsZWFuIEEgcHJvYmFiaWxpc3RpYyBkdXBsaWNhdGUgZGV0ZWN0aW9uIHN5c3RlbTAucGRmTxECPAAAAAACPAACAAAMTWFjaW50b3NoIEhEAAAAAAAAAAAAAAAAAAAAAAAAAEJEAAH/////H0JTSUJLMTBfUHJvYkNsZWFuICNGRkZGRkZGRi5wZGYAAAAAAAAAAAAAAAAAAAAAAAAAAAAAAAAAAAAAAAAAAP////8AAAAAAAAAAAAAAAAAAQADAAAKIGN1AAAAAAAAAAAAAAAAAAZQYXBlcnMAAgBwLzpVc2Vyczpsb3JkX3ByZXR6ZWw6RG9jdW1lbnRzOlBhcGVyR2l0OlBhcGVyczpCU0lCSzEwX1Byb2JDbGVhbiBBIHByb2JhYmlsaXN0aWMgZHVwbGljYXRlIGRldGVjdGlvbiBzeXN0ZW0wLnBkZgAOAIQAQQBCAFMASQBCAEsAMQAwAF8AUAByAG8AYgBDAGwAZQBhAG4AIABBACAAcAByAG8AYgBhAGIAaQBsAGkAcwB0AGkAYwAgAGQAdQBwAGwAaQBjAGEAdABlACAAZABlAHQAZQBjAHQAaQBvAG4AIABzAHkAcwB0AGUAbQAwAC4AcABkAGYADwAaAAwATQBhAGMAaQBuAHQAbwBzAGgAIABIAEQAEgBuVXNlcnMvbG9yZF9wcmV0emVsL0RvY3VtZW50cy9QYXBlckdpdC9QYXBlcnMvQlNJQksxMF9Qcm9iQ2xlYW4gQSBwcm9iYWJpbGlzdGljIGR1cGxpY2F0ZSBkZXRlY3Rpb24gc3lzdGVtMC5wZGYAEwABLwAAFQACABP//wAAAAgADQAaACQAewAAAAAAAAIBAAAAAAAAAAUAAAAAAAAAAAAAAAAAAAK7},
  Editor = {Feifei Li and Mirella M. Moro and Shahram Ghandeharizadeh and Jayant R. Haritsa and Gerhard Weikum and Michael J. Carey and Fabio Casati and Edward Y. Chang and Ioana Manolescu and Sharad Mehrotra and Umeshwar Dayal and Vassilis J. Tsotras},
  Isbn = {978-1-4244-5444-0},
  Publisher = {{IEEE} Computer Society},
}

@article{FK11b,
  Author = {Fagin, Ronald and Kimelfeld, Benny and Kolaitis, Phokion G},
  Date-Added = {2013-04-22 14:23:04 +0000},
  pdf = {/Users/lord_pretzel/Documents/PaperGit/Papers/FKK11_Probabilistic data exchange.pdf},
  Date-Modified = {2013-08-21 01:11:11 +0000},
  Journal = {Journal of the ACM (JACM)},
  Number = {4},
  Pages = {15},
  Publisher = {ACM},
  Title = {Probabilistic data exchange},
  Volume = {58},
  Year = {2011},
  Bdsk-File-1 = {YnBsaXN0MDDSAQIDBFxyZWxhdGl2ZVBhdGhZYWxpYXNEYXRhXxA4Li4vUGFwZXJHaXQvUGFwZXJzL0ZLSzExX1Byb2JhYmlsaXN0aWMgZGF0YSBleGNoYW5nZS5wZGZPEQHMAAAAAAHMAAIAAAxNYWNpbnRvc2ggSEQAAAAAAAAAAAAAAAAAAAAAAAAAQkQAAf////8fRktLMTFfUHJvYmFiaWxpc3RpI0ZGRkZGRkZGLnBkZgAAAAAAAAAAAAAAAAAAAAAAAAAAAAAAAAAAAAAAAAAA/////wAAAAAAAAAAAAAAAAABAAMAAAogY3UAAAAAAAAAAAAAAAAABlBhcGVycwACAFQvOlVzZXJzOmxvcmRfcHJldHplbDpEb2N1bWVudHM6UGFwZXJHaXQ6UGFwZXJzOkZLSzExX1Byb2JhYmlsaXN0aWMgZGF0YSBleGNoYW5nZS5wZGYADgBMACUARgBLAEsAMQAxAF8AUAByAG8AYgBhAGIAaQBsAGkAcwB0AGkAYwAgAGQAYQB0AGEAIABlAHgAYwBoAGEAbgBnAGUALgBwAGQAZgAPABoADABNAGEAYwBpAG4AdABvAHMAaAAgAEgARAASAFJVc2Vycy9sb3JkX3ByZXR6ZWwvRG9jdW1lbnRzL1BhcGVyR2l0L1BhcGVycy9GS0sxMV9Qcm9iYWJpbGlzdGljIGRhdGEgZXhjaGFuZ2UucGRmABMAAS8AABUAAgAT//8AAAAIAA0AGgAkAF8AAAAAAAACAQAAAAAAAAAFAAAAAAAAAAAAAAAAAAACLw==},
}
@article{HA04,
  Author = {Hodge, Victoria J and Austin, Jim},
  Date-Added = {2014-07-30 04:27:10 +0000},
  pdf = {/Users/lord_pretzel/Documents/PaperGit/Papers/HA04_A survey of outlier detection methodologies.pdf},
  Date-Modified = {2014-07-30 04:44:57 +0000},
  Journal = {Artificial Intelligence Review},
  Number = {2},
  Pages = {85--126},
  Publisher = {Springer},
  Title = {A survey of outlier detection methodologies},
  Volume = {22},
  Year = {2004},
  Bdsk-File-1 = {YnBsaXN0MDDSAQIDBFxyZWxhdGl2ZVBhdGhZYWxpYXNEYXRhXxBHLi4vUGFwZXJHaXQvUGFwZXJzL0hBMDRfQSBzdXJ2ZXkgb2Ygb3V0bGllciBkZXRlY3Rpb24gbWV0aG9kb2xvZ2llcy5wZGZPEQIKAAAAAAIKAAIAAAxNYWNpbnRvc2ggSEQAAAAAAAAAAAAAAAAAAAAAAAAAQkQAAf////8fSEEwNF9BIHN1cnZleSBvZiBvI0ZGRkZGRkZGLnBkZgAAAAAAAAAAAAAAAAAAAAAAAAAAAAAAAAAAAAAAAAAA/////wAAAAAAAAAAAAAAAAABAAMAAAogY3UAAAAAAAAAAAAAAAAABlBhcGVycwACAGMvOlVzZXJzOmxvcmRfcHJldHplbDpEb2N1bWVudHM6UGFwZXJHaXQ6UGFwZXJzOkhBMDRfQSBzdXJ2ZXkgb2Ygb3V0bGllciBkZXRlY3Rpb24gbWV0aG9kb2xvZ2llcy5wZGYAAA4AagA0AEgAQQAwADQAXwBBACAAcwB1AHIAdgBlAHkAIABvAGYAIABvAHUAdABsAGkAZQByACAAZABlAHQAZQBjAHQAaQBvAG4AIABtAGUAdABoAG8AZABvAGwAbwBnAGkAZQBzAC4AcABkAGYADwAaAAwATQBhAGMAaQBuAHQAbwBzAGgAIABIAEQAEgBhVXNlcnMvbG9yZF9wcmV0emVsL0RvY3VtZW50cy9QYXBlckdpdC9QYXBlcnMvSEEwNF9BIHN1cnZleSBvZiBvdXRsaWVyIGRldGVjdGlvbiBtZXRob2RvbG9naWVzLnBkZgAAEwABLwAAFQACABP//wAAAAgADQAaACQAbgAAAAAAAAIBAAAAAAAAAAUAAAAAAAAAAAAAAAAAAAJ8},
}

@article{ilyas-15-tcrd,
  author = {Ihab F. Ilyas and Xu Chu},
  title = {Trends in Cleaning Relational Data: Consistency and Deduplication},
  pdf = {/Users/lord_pretzel/Documents/PaperGit/Papers/ilyas-15-tcrd-2015-Trends_in_Cleaning_Relational_Data_Consistency_and_Deduplication-Ilyas_Ch.pdf},
  journal = {Found. Trends Databases},
  volume = {5},
  number = {4},
  pages = {281--393},
  year = {2015},
  doi = {10.1561/1900000045},
  url = {https://doi.org/10.1561/1900000045},
  bibsource = {dblp computer science bibliography, https://dblp.org},
  biburl = {https://dblp.org/rec/journals/ftdb/IlyasC15.bib},
  timestamp = {Sat, 25 Apr 2020 14:00:55 +0200},
}

@inproceedings{B19,
  Author = {Leopoldo E. Bertossi},
  Bibsource = {dblp computer science bibliography, https://dblp.org},
  pdf = {/Users/lord_pretzel/Documents/PaperGit/Papers/B19_Database Repairs and Consistent Query Answering Origins and Further Developments.pdf},
  Biburl = {https://dblp.org/rec/bib/conf/pods/Bertossi19},
  Booktitle = {Proceedings of the 38th {ACM} {SIGMOD-SIGACT-SIGAI} Symposium on Principles of Database Systems, {PODS} 2019, Amsterdam, The Netherlands, June 30 - July 5, 2019.},
  Crossref = {19a},
  Date-Modified = {2019-11-04 14:59:45 -0600},
  Doi = {10.1145/3294052.3322190},
  Pages = {48--58},
  Timestamp = {Sun, 16 Jun 2019 19:28:47 +0200},
  Title = {Database Repairs and Consistent Query Answering: Origins and Further Developments},
  Url = {https://doi.org/10.1145/3294052.3322190},
  Year = {2019},
  Bdsk-File-1 = {YnBsaXN0MDDSAQIDBFxyZWxhdGl2ZVBhdGhZYWxpYXNEYXRhXxBrLi4vUGFwZXJHaXQvUGFwZXJzL0IxOV9EYXRhYmFzZSBSZXBhaXJzIGFuZCBDb25zaXN0ZW50IFF1ZXJ5IEFuc3dlcmluZyBPcmlnaW5zIGFuZCBGdXJ0aGVyIERldmVsb3BtZW50cy5wZGZPEQKaAAAAAAKaAAIAAAxNYWNpbnRvc2ggSEQAAAAAAAAAAAAAAAAAAAAAAAAAQkQAAf////8fQjE5X0RhdGFiYXNlIFJlcGFpI0ZGRkZGRkZGLnBkZgAAAAAAAAAAAAAAAAAAAAAAAAAAAAAAAAAAAAAAAAAA/////wAAAAAAAAAAAAAAAAABAAMAAAogY3UAAAAAAAAAAAAAAAAABlBhcGVycwACAIcvOlVzZXJzOmxvcmRfcHJldHplbDpEb2N1bWVudHM6UGFwZXJHaXQ6UGFwZXJzOkIxOV9EYXRhYmFzZSBSZXBhaXJzIGFuZCBDb25zaXN0ZW50IFF1ZXJ5IEFuc3dlcmluZyBPcmlnaW5zIGFuZCBGdXJ0aGVyIERldmVsb3BtZW50cy5wZGYAAA4AsgBYAEIAMQA5AF8ARABhAHQAYQBiAGEAcwBlACAAUgBlAHAAYQBpAHIAcwAgAGEAbgBkACAAQwBvAG4AcwBpAHMAdABlAG4AdAAgAFEAdQBlAHIAeQAgAEEAbgBzAHcAZQByAGkAbgBnACAATwByAGkAZwBpAG4AcwAgAGEAbgBkACAARgB1AHIAdABoAGUAcgAgAEQAZQB2AGUAbABvAHAAbQBlAG4AdABzAC4AcABkAGYADwAaAAwATQBhAGMAaQBuAHQAbwBzAGgAIABIAEQAEgCFVXNlcnMvbG9yZF9wcmV0emVsL0RvY3VtZW50cy9QYXBlckdpdC9QYXBlcnMvQjE5X0RhdGFiYXNlIFJlcGFpcnMgYW5kIENvbnNpc3RlbnQgUXVlcnkgQW5zd2VyaW5nIE9yaWdpbnMgYW5kIEZ1cnRoZXIgRGV2ZWxvcG1lbnRzLnBkZgAAEwABLwAAFQACABP//wAAAAgADQAaACQAkgAAAAAAAAIBAAAAAAAAAAUAAAAAAAAAAAAAAAAAAAMw},
  Editor = {Dan Suciu and Sebastian Skritek and Christoph Koch},
  Isbn = {978-1-4503-6227-6},
  Publisher = {{ACM}},
}



@article{DBLP:journals/pvldb/CurinoMZ08,
  author    = {Carlo Curino and
               Hyun Jin Moon and
               Carlo Zaniolo},
  title     = {Graceful database schema evolution: the {PRISM} workbench},
  journal   = {Proc. {VLDB} Endow.},
  volume    = {1},
  number    = {1},
  pages     = {761--772},
  year      = {2008}
}

@article{lee-21-l,
  author = {Doris Jung Lin Lee and Dixin Tang and Kunal Agarwal and Thyne Boonmark and Caitlyn Chen and Jake Kang and Ujjaini Mukhopadhyay and Jerry Song and Micah Yong and Marti A. Hearst and Aditya G. Parameswaran},
  title = {Lux: Always-On Visualization Recommendations for Exploratory Data Science},
  pdf = {/Users/lord_pretzel/Documents/PaperGit/Papers/lee-21-l-2021-Lux_Always-On_Visualization_Recommendations_for_Exploratory_Data_Science-Lee_Tang.pdf},
  journal = {CoRR},
  volume = {abs/2105.00121},
  year = {2021},
  url = {https://arxiv.org/abs/2105.00121},
  bibsource = {dblp computer science bibliography, https://dblp.org},
  biburl = {https://dblp.org/rec/journals/corr/abs-2105-00121.bib},
  eprint = {2105.00121},
  eprinttype = {arXiv},
  timestamp = {Wed, 12 May 2021 15:54:31 +0200},
}


@inproceedings{hu-19-v,
  author = {Kevin Zeng Hu and Michiel A. Bakker and Stephen Li and Tim Kraska and C{\'{e}}sar A. Hidalgo},
  title = {VizML: {A} Machine Learning Approach to Visualization Recommendation},
  pdf = {/Users/lord_pretzel/Documents/PaperGit/Papers/hu-19-v-2019-VizML_A_Machine_Learning_Approach_to_Visualization_Recommendation-Hu_Bakker.pdf},
  booktitle = {Proceedings of the 2019 {CHI} Conference on Human Factors in Computing Systems, {CHI} 2019, Glasgow, Scotland, UK, May 04-09, 2019},
  year = {2019},
  pages = {128},
  doi = {10.1145/3290605.3300358},
  url = {https://doi.org/10.1145/3290605.3300358},
  bibsource = {dblp computer science bibliography, https://dblp.org},
  biburl = {https://dblp.org/rec/conf/chi/HuBLKH19.bib},
  timestamp = {Wed, 29 Sep 2021 08:56:02 +0200},
  editor = {Stephen A. Brewster and Geraldine Fitzpatrick and Anna L. Cox and Vassilis Kostakos},
  publisher = {{ACM}},
  isbn = {978-1-4503-5970-2},
}

@inproceedings{HR06,
  Author = {Halevy, Alon and Rajaraman, Anand and Ordille, Joann},
  Booktitle = {Proceedings of the 32nd international conference on Very large data bases},
  pdf = {/Users/lord_pretzel/Documents/PaperGit/Papers/HRO06_Data integration the teenage years.pdf},
  Date-Added = {2013-11-15 05:53:23 +0000},
  Date-Modified = {2013-11-15 05:53:28 +0000},
  Organization = {VLDB Endowment},
  Pages = {9--16},
  Title = {Data integration: the teenage years},
  Year = {2006},
  Bdsk-File-1 = {YnBsaXN0MDDSAQIDBFxyZWxhdGl2ZVBhdGhZYWxpYXNEYXRhXxA/Li4vUGFwZXJHaXQvUGFwZXJzL0hSTzA2X0RhdGEgaW50ZWdyYXRpb24gdGhlIHRlZW5hZ2UgeWVhcnMucGRmTxEB6gAAAAAB6gACAAAMTWFjaW50b3NoIEhEAAAAAAAAAAAAAAAAAAAAAAAAAEJEAAH/////H0hSTzA2X0RhdGEgaW50ZWdyYSNGRkZGRkZGRi5wZGYAAAAAAAAAAAAAAAAAAAAAAAAAAAAAAAAAAAAAAAAAAP////8AAAAAAAAAAAAAAAAAAQADAAAKIGN1AAAAAAAAAAAAAAAAAAZQYXBlcnMAAgBbLzpVc2Vyczpsb3JkX3ByZXR6ZWw6RG9jdW1lbnRzOlBhcGVyR2l0OlBhcGVyczpIUk8wNl9EYXRhIGludGVncmF0aW9uIHRoZSB0ZWVuYWdlIHllYXJzLnBkZgAADgBaACwASABSAE8AMAA2AF8ARABhAHQAYQAgAGkAbgB0AGUAZwByAGEAdABpAG8AbgAgAHQAaABlACAAdABlAGUAbgBhAGcAZQAgAHkAZQBhAHIAcwAuAHAAZABmAA8AGgAMAE0AYQBjAGkAbgB0AG8AcwBoACAASABEABIAWVVzZXJzL2xvcmRfcHJldHplbC9Eb2N1bWVudHMvUGFwZXJHaXQvUGFwZXJzL0hSTzA2X0RhdGEgaW50ZWdyYXRpb24gdGhlIHRlZW5hZ2UgeWVhcnMucGRmAAATAAEvAAAVAAIAE///AAAACAANABoAJABmAAAAAAAAAgEAAAAAAAAABQAAAAAAAAAAAAAAAAAAAlQ=},
}

@article{RB01,
  Author = {Rahm, Erhard and Bernstein, Philip A.},
  Date-Added = {2009-10-12 10:43:04 +0200},
  pdf = {/Users/lord_pretzel/Documents/PaperGit/Papers/RB01_A Survey of Approaches to Automatic Schema Matching_0.pdf},
  Date-Modified = {2013-08-21 01:11:09 +0000},
  Journal = {VLDB Journal},
  Keywords = {integration},
  Number = {4},
  Pages = {334--350},
  Publisher = {Springer},
  Title = {{A Survey of Approaches to Automatic Schema Matching}},
  Volume = {10},
  Year = {2001},
  Bdsk-File-1 = {YnBsaXN0MDDSAQIDBFxyZWxhdGl2ZVBhdGhZYWxpYXNEYXRhXxBRLi4vUGFwZXJHaXQvUGFwZXJzL1JCMDFfQSBTdXJ2ZXkgb2YgQXBwcm9hY2hlcyB0byBBdXRvbWF0aWMgU2NoZW1hIE1hdGNoaW5nXzAucGRmTxECMgAAAAACMgACAAAMTWFjaW50b3NoIEhEAAAAAAAAAAAAAAAAAAAAAAAAAEJEAAH/////H1JCMDFfQSBTdXJ2ZXkgb2YgQSNGRkZGRkZGRi5wZGYAAAAAAAAAAAAAAAAAAAAAAAAAAAAAAAAAAAAAAAAAAP////8AAAAAAAAAAAAAAAAAAQADAAAKIGN1AAAAAAAAAAAAAAAAAAZQYXBlcnMAAgBtLzpVc2Vyczpsb3JkX3ByZXR6ZWw6RG9jdW1lbnRzOlBhcGVyR2l0OlBhcGVyczpSQjAxX0EgU3VydmV5IG9mIEFwcHJvYWNoZXMgdG8gQXV0b21hdGljIFNjaGVtYSBNYXRjaGluZ18wLnBkZgAADgB+AD4AUgBCADAAMQBfAEEAIABTAHUAcgB2AGUAeQAgAG8AZgAgAEEAcABwAHIAbwBhAGMAaABlAHMAIAB0AG8AIABBAHUAdABvAG0AYQB0AGkAYwAgAFMAYwBoAGUAbQBhACAATQBhAHQAYwBoAGkAbgBnAF8AMAAuAHAAZABmAA8AGgAMAE0AYQBjAGkAbgB0AG8AcwBoACAASABEABIAa1VzZXJzL2xvcmRfcHJldHplbC9Eb2N1bWVudHMvUGFwZXJHaXQvUGFwZXJzL1JCMDFfQSBTdXJ2ZXkgb2YgQXBwcm9hY2hlcyB0byBBdXRvbWF0aWMgU2NoZW1hIE1hdGNoaW5nXzAucGRmAAATAAEvAAAVAAIAE///AAAACAANABoAJAB4AAAAAAAAAgEAAAAAAAAABQAAAAAAAAAAAAAAAAAAAq4=},
}

@article{RC17,
  Author = {Theodoros Rekatsinas and Xu Chu and Ihab F. Ilyas and Christopher R{\'{e}}},
  Bibsource = {dblp computer science bibliography, https://dblp.org},
  Biburl = {https://dblp.org/rec/bib/journals/pvldb/RekatsinasCIR17},
  Date-Modified = {2019-11-04 14:59:45 -0600},
  Doi = {10.14778/3137628.3137631},
  Journal = {{PVLDB}},
  Number = {11},
  Pages = {1190--1201},
  Timestamp = {Wed, 14 Nov 2018 10:37:03 +0100},
  Title = {HoloClean: Holistic Data Repairs with Probabilistic Inference},
  Url = {http://www.vldb.org/pvldb/vol10/p1190-rekatsinas.pdf},
  Volume = {10},
  Year = {2017},
}

@article{bendre-15-d,
  author = {Mangesh Bendre and Bofan Sun and Ding Zhang and Xinyan Zhou and Kevin Chen{-}Chuan Chang and Aditya G. Parameswaran},
  title = {{DATASPREAD:} Unifying Databases and Spreadsheets},
  pdf = {/Users/lord_pretzel/Documents/PaperGit/Papers/bendre-15-d-2015-DATASPREAD_Unifying_Databases_and_Spreadsheets-Bendre_Sun.pdf},
  journal = {{PVLDB}},
  volume = {8},
  number = {12},
  pages = {2000--2003},
  year = {2015},
  doi = {10.14778/2824032.2824121},
  url = {https://doi.org/10.14778/2824032.2824121},
  bibsource = {dblp computer science bibliography, https://dblp.org},
  biburl = {https://dblp.org/rec/bib/journals/pvldb/BendreSZZCP15},
  timestamp = {Thu, 16 Aug 2018 11:33:43 +0200},
}
@article{DBLP:journals/pvldb/NiuALFZGKLG17,
  author    = {Xing Niu and
               Bahareh Sadat Arab and
               Seokki Lee and
               Su Feng and
               Xun Zou and
               Dieter Gawlick and
               Vasudha Krishnaswamy and
               Zhen Hua Liu and
               Boris Glavic},
  title     = {Debugging Transactions and Tracking their Provenance with Reenactment},
  journal   = {Proc. {VLDB} Endow.},
  volume    = {10},
  number    = {12},
  pages     = {1857--1860},
  year      = {2017},
  url       = {http://www.vldb.org/pvldb/vol10/p1857-niu.pdf},
  doi       = {10.14778/3137765.3137793},
  timestamp = {Sat, 25 Apr 2020 13:59:00 +0200},
  biburl    = {https://dblp.org/rec/journals/pvldb/NiuALFZGKLG17.bib},
  bibsource = {dblp computer science bibliography, https://dblp.org}
}



@article{DBLP:journals/debu/ArabFGLNZ17,
  author    = {Bahareh Sadat Arab and
               Su Feng and
               Boris Glavic and
               Seokki Lee and
               Xing Niu and
               Qitian Zeng},
  title     = {GProM - {A} Swiss Army Knife for Your Provenance Needs},
  journal   = {{IEEE} Data Eng. Bull.},
  volume    = {41},
  number    = {1},
  pages     = {51--62},
  year      = {2018},
  url       = {http://sites.computer.org/debull/A18mar/p51.pdf},
  timestamp = {Tue, 10 Mar 2020 16:23:50 +0100},
  biburl    = {https://dblp.org/rec/journals/debu/ArabFGLNZ17.bib},
  bibsource = {dblp computer science bibliography, https://dblp.org}
}



@inproceedings{spoth:2017:cidr:adaptive,
   author = {Spoth, William and Arab, Bahareh Sadat and Chan, Eric S. and Gawlick, Dieter and Ghoneimy, Adel and Glavic, Boris and Hammerschmidt, Beda and Kennedy, Oliver and Lee, Seokki and Liu, Zhen Hua and Niu, Xing and Yang, Ying},
   title = {Adaptive Schema Databases},
   booktitle = {CIDR},
   year = {2017}
}



@inproceedings{DBLP:conf/icde/GuptaDGUW09,
  author    = {Nitin Gupta and
               Alan J. Demers and
               Johannes Gehrke and
               Philipp Unterbrunner and
               Walker M. White},
  title     = {Scalability for Virtual Worlds},
  booktitle = {{ICDE}},
  pages     = {1311--1314},
  publisher = {{IEEE} Computer Society},
  year      = {2009}
}



@article{DBLP:journals/pvldb/HuangXLEP17,
  author    = {Silu Huang and
               Liqi Xu and
               Jialin Liu and
               Aaron J. Elmore and
               Aditya G. Parameswaran},
  title     = {OrpheusDB: Bolt-on Versioning for Relational Databases},
  journal   = {Proc. {VLDB} Endow.},
  volume    = {10},
  number    = {10},
  pages     = {1130--1141},
  year      = {2017}
}



@inproceedings{DBLP:conf/sigmod/YilmazWXNEP18,
  author    = {G{\"{u}}nce Su Yilmaz and
               Tana Wattanawaroon and
               Liqi Xu and
               Abhishek Nigam and
               Aaron J. Elmore and
               Aditya G. Parameswaran},
  title     = {DataDiff: User-Interpretable Data Transformation Summaries for Collaborative
               Data Analysis},
  booktitle = {{SIGMOD} Conference},
  pages     = {1769--1772},
  publisher = {{ACM}},
  year      = {2018}
}



@inproceedings{DBLP:conf/cidr/BhardwajBCDEMP15,
  author    = {Anant P. Bhardwaj and
               Souvik Bhattacherjee and
               Amit Chavan and
               Amol Deshpande and
               Aaron J. Elmore and
               Samuel Madden and
               Aditya G. Parameswaran},
  title     = {DataHub: Collaborative Data Science {\&} Dataset Version Management
               at Scale},
  booktitle = {{CIDR}},
  publisher = {www.cidrdb.org},
  year      = {2015}
}



@inproceedings{DBLP:conf/sigmod/AlagiannisBBIA12,
  author    = {Ioannis Alagiannis and
               Renata Borovica and
               Miguel Branco and
               Stratos Idreos and
               Anastasia Ailamaki},
  title     = {NoDB: efficient query execution on raw data files},
  booktitle = {{SIGMOD} Conference},
  pages     = {241--252},
  publisher = {{ACM}},
  year      = {2012}
}



@article{DBLP:journals/pvldb/BendreSZZCP15,
  author    = {Mangesh Bendre and
               Bofan Sun and
               Ding Zhang and
               Xinyan Zhou and
               Kevin Chen{-}Chuan Chang and
               Aditya G. Parameswaran},
  title     = {{DATASPREAD:} Unifying Databases and Spreadsheets},
  journal   = {Proc. {VLDB} Endow.},
  volume    = {8},
  number    = {12},
  pages     = {2000--2003},
  year      = {2015}
}



@inproceedings{DBLP:conf/sigmod/ONeilOPCSW04,
  author    = {Patrick E. O'Neil and
               Elizabeth J. O'Neil and
               Shankar Pal and
               Istvan Cseri and
               Gideon Schaller and
               Nigel Westbury},
  title     = {ORDPATHs: Insert-Friendly {XML} Node Labels},
  booktitle = {{SIGMOD} Conference},
  pages     = {903--908},
  publisher = {{ACM}},
  year      = {2004}
}



@article{DBLP:journals/tvcg/SatyanarayanMWH17,
  author    = {Arvind Satyanarayan and
               Dominik Moritz and
               Kanit Wongsuphasawat and
               Jeffrey Heer},
  title     = {Vega-Lite: {A} Grammar of Interactive Graphics},
  journal   = {{IEEE} Trans. Vis. Comput. Graph.},
  volume    = {23},
  number    = {1},
  pages     = {341--350},
  year      = {2017}
}


@techreport{GK05,
  Abstract = {Annotations play a central role in the curation of scientific databases. Despite their importance, data formats and schemas are not designed to manage the increasing variety of annotations. Moreover, DBMS's often lack support for storing and querying annotations. Furthermore, annotations and data are only loosely coupled. This paper introduces an annotation-oriented data model for the manipulation and querying of both data and annotations. In particular, the model allows for the specification of annotations on sets of values and for effectively querying the information on their association. We use the concept of block to represent an annotated set of values. Different colors applied to the blocks represent different annotations. We introduce a color query language for our model and prove it to be complete on the class of color (annotated) databases. We present MONDRIAN, a prototype implementing the proposed annotation mechanism, and we conduct experiments that investigate the set of parameters which influence the evaluation cost for color queries.},
  Author = {Floris Geerts and Anastasios Kementsietsidis and Diego Milano},
  pdf = {/Users/lord_pretzel/Documents/PaperGit/Papers/GKM05_MONDRIAN Annotating and Querying Databases through Colors and Blocks_0.pdf},
  Date-Added = {2006-06-14 12:43:33 +0200},
  Date-Modified = {2013-08-21 01:11:10 +0000},
  Institution = {University of Edinburgh},
  Keywords = {provenance, annotation; CS595Reading},
  Title = {{MONDRIAN: Annotating and Querying Databases through Colors and Blocks}},
  Year = {2005},
  Bdsk-File-1 = {YnBsaXN0MDDSAQIDBFxyZWxhdGl2ZVBhdGhZYWxpYXNEYXRhXxBjLi4vUGFwZXJHaXQvUGFwZXJzL0dLTTA1X01PTkRSSUFOIEFubm90YXRpbmcgYW5kIFF1ZXJ5aW5nIERhdGFiYXNlcyB0aHJvdWdoIENvbG9ycyBhbmQgQmxvY2tzXzAucGRmTxECegAAAAACegACAAAMTWFjaW50b3NoIEhEAAAAAAAAAAAAAAAAAAAAAAAAAEJEAAH/////H0dLTTA1X01PTkRSSUFOIEFubiNGRkZGRkZGRi5wZGYAAAAAAAAAAAAAAAAAAAAAAAAAAAAAAAAAAAAAAAAAAP////8AAAAAAAAAAAAAAAAAAQADAAAKIGN1AAAAAAAAAAAAAAAAAAZQYXBlcnMAAgB/LzpVc2Vyczpsb3JkX3ByZXR6ZWw6RG9jdW1lbnRzOlBhcGVyR2l0OlBhcGVyczpHS00wNV9NT05EUklBTiBBbm5vdGF0aW5nIGFuZCBRdWVyeWluZyBEYXRhYmFzZXMgdGhyb3VnaCBDb2xvcnMgYW5kIEJsb2Nrc18wLnBkZgAADgCiAFAARwBLAE0AMAA1AF8ATQBPAE4ARABSAEkAQQBOACAAQQBuAG4AbwB0AGEAdABpAG4AZwAgAGEAbgBkACAAUQB1AGUAcgB5AGkAbgBnACAARABhAHQAYQBiAGEAcwBlAHMAIAB0AGgAcgBvAHUAZwBoACAAQwBvAGwAbwByAHMAIABhAG4AZAAgAEIAbABvAGMAawBzAF8AMAAuAHAAZABmAA8AGgAMAE0AYQBjAGkAbgB0AG8AcwBoACAASABEABIAfVVzZXJzL2xvcmRfcHJldHplbC9Eb2N1bWVudHMvUGFwZXJHaXQvUGFwZXJzL0dLTTA1X01PTkRSSUFOIEFubm90YXRpbmcgYW5kIFF1ZXJ5aW5nIERhdGFiYXNlcyB0aHJvdWdoIENvbG9ycyBhbmQgQmxvY2tzXzAucGRmAAATAAEvAAAVAAIAE///AAAACAANABoAJACKAAAAAAAAAgEAAAAAAAAABQAAAAAAAAAAAAAAAAAAAwg=},
}

@article{VS17,
  Author = {Van den Broeck, Guy and Suciu, Dan},
  Date-Added = {2017-07-28 22:39:56 +0000},
  pdf = {/Users/lord_pretzel/Documents/PaperGit/Papers/VS17_Query Processing on Probabilistic Data A Survey.pdf},
  Date-Modified = {2017-08-20 21:40:57 +0000},
  Title = {Query Processing on Probabilistic Data: A Survey},
  Year = {2017},
  Bdsk-File-1 = {YnBsaXN0MDDSAQIDBFxyZWxhdGl2ZVBhdGhZYWxpYXNEYXRhXxBLLi4vUGFwZXJHaXQvUGFwZXJzL1ZTMTdfUXVlcnkgUHJvY2Vzc2luZyBvbiBQcm9iYWJpbGlzdGljIERhdGEgQSBTdXJ2ZXkucGRmTxECGgAAAAACGgACAAAMTWFjaW50b3NoIEhEAAAAAAAAAAAAAAAAAAAAAAAAAEJEAAH/////H1ZTMTdfUXVlcnkgUHJvY2VzcyNGRkZGRkZGRi5wZGYAAAAAAAAAAAAAAAAAAAAAAAAAAAAAAAAAAAAAAAAAAP////8AAAAAAAAAAAAAAAAAAQADAAAKIGN1AAAAAAAAAAAAAAAAAAZQYXBlcnMAAgBnLzpVc2Vyczpsb3JkX3ByZXR6ZWw6RG9jdW1lbnRzOlBhcGVyR2l0OlBhcGVyczpWUzE3X1F1ZXJ5IFByb2Nlc3Npbmcgb24gUHJvYmFiaWxpc3RpYyBEYXRhIEEgU3VydmV5LnBkZgAADgByADgAVgBTADEANwBfAFEAdQBlAHIAeQAgAFAAcgBvAGMAZQBzAHMAaQBuAGcAIABvAG4AIABQAHIAbwBiAGEAYgBpAGwAaQBzAHQAaQBjACAARABhAHQAYQAgAEEAIABTAHUAcgB2AGUAeQAuAHAAZABmAA8AGgAMAE0AYQBjAGkAbgB0AG8AcwBoACAASABEABIAZVVzZXJzL2xvcmRfcHJldHplbC9Eb2N1bWVudHMvUGFwZXJHaXQvUGFwZXJzL1ZTMTdfUXVlcnkgUHJvY2Vzc2luZyBvbiBQcm9iYWJpbGlzdGljIERhdGEgQSBTdXJ2ZXkucGRmAAATAAEvAAAVAAIAE///AAAACAANABoAJAByAAAAAAAAAgEAAAAAAAAABQAAAAAAAAAAAAAAAAAAApA=},
}

@article{IL84a,
  Author = {Imieli{\'n}ski, Tomasz and Lipski Jr, Witold},
  Date-Added = {2009-11-25 19:49:09 +0100},
  pdf = {/Users/lord_pretzel/Documents/PaperGit/Papers/IL84_Incomplete Information in Relational Databases_0.pdf},
  Date-Modified = {2013-08-21 01:11:10 +0000},
  Journal = {Journal of the ACM (JACM)},
  Number = {4},
  Pages = {761--791},
  Publisher = {ACM New York, NY, USA},
  Title = {{Incomplete Information in Relational Databases}},
  Volume = {31},
  Year = {1984},
  Bdsk-File-1 = {YnBsaXN0MDDSAQIDBFxyZWxhdGl2ZVBhdGhZYWxpYXNEYXRhXxBMLi4vUGFwZXJHaXQvUGFwZXJzL0lMODRfSW5jb21wbGV0ZSBJbmZvcm1hdGlvbiBpbiBSZWxhdGlvbmFsIERhdGFiYXNlc18wLnBkZk8RAhwAAAAAAhwAAgAADE1hY2ludG9zaCBIRAAAAAAAAAAAAAAAAAAAAAAAAABCRAAB/////x9JTDg0X0luY29tcGxldGUgSW4jRkZGRkZGRkYucGRmAAAAAAAAAAAAAAAAAAAAAAAAAAAAAAAAAAAAAAAAAAD/////AAAAAAAAAAAAAAAAAAEAAwAACiBjdQAAAAAAAAAAAAAAAAAGUGFwZXJzAAIAaC86VXNlcnM6bG9yZF9wcmV0emVsOkRvY3VtZW50czpQYXBlckdpdDpQYXBlcnM6SUw4NF9JbmNvbXBsZXRlIEluZm9ybWF0aW9uIGluIFJlbGF0aW9uYWwgRGF0YWJhc2VzXzAucGRmAA4AdAA5AEkATAA4ADQAXwBJAG4AYwBvAG0AcABsAGUAdABlACAASQBuAGYAbwByAG0AYQB0AGkAbwBuACAAaQBuACAAUgBlAGwAYQB0AGkAbwBuAGEAbAAgAEQAYQB0AGEAYgBhAHMAZQBzAF8AMAAuAHAAZABmAA8AGgAMAE0AYQBjAGkAbgB0AG8AcwBoACAASABEABIAZlVzZXJzL2xvcmRfcHJldHplbC9Eb2N1bWVudHMvUGFwZXJHaXQvUGFwZXJzL0lMODRfSW5jb21wbGV0ZSBJbmZvcm1hdGlvbiBpbiBSZWxhdGlvbmFsIERhdGFiYXNlc18wLnBkZgATAAEvAAAVAAIAE///AAAACAANABoAJABzAAAAAAAAAgEAAAAAAAAABQAAAAAAAAAAAAAAAAAAApM=},
}

@article{bhagwat-05-anmsrd,
  author = {Deepavali Bhagwat and Laura Chiticariu and Wang Chiew Tan and Gaurav Vijayvargiya},
  title = {An Annotation Management System for Relational Databases},
  pdf = {/Users/lord_pretzel/Documents/PaperGit/Papers/bhagwat-05-anmsrd-2005-An_Annotation_Management_System_for_Relational_Databases-Bhagwat_Chiticariu.pdfs},
  journal = {{VLDB} J.},
  volume = {14},
  number = {4},
  pages = {373--396},
  year = {2005},
  doi = {10.1007/s00778-005-0156-6},
  url = {https://doi.org/10.1007/s00778-005-0156-6},
  bibsource = {dblp computer science bibliography, https://dblp.org},
  biburl = {https://dblp.org/rec/bib/journals/vldb/BhagwatCTV05},
  timestamp = {Sun, 28 May 2017 13:19:15 +0200},
}

@article{B11,
  Author = {Bertossi, Leopoldo},
  Date-Added = {2014-07-30 16:40:20 +0000},
  pdf = {/Users/lord_pretzel/Documents/PaperGit/Papers/B11_Database repairing and consistent query answering.pdf},
  Date-Modified = {2014-07-30 16:40:22 +0000},
  Journal = {Synthesis Lectures on Data Management},
  Number = {5},
  Pages = {1--121},
  Publisher = {Morgan \& Claypool Publishers},
  Title = {Database repairing and consistent query answering},
  Volume = {3},
  Year = {2011},
  Bdsk-File-1 = {YnBsaXN0MDDSAQIDBFxyZWxhdGl2ZVBhdGhZYWxpYXNEYXRhXxBMLi4vUGFwZXJHaXQvUGFwZXJzL0IxMV9EYXRhYmFzZSByZXBhaXJpbmcgYW5kIGNvbnNpc3RlbnQgcXVlcnkgYW5zd2VyaW5nLnBkZk8RAhwAAAAAAhwAAgAADE1hY2ludG9zaCBIRAAAAAAAAAAAAAAAAAAAAAAAAABCRAAB/////x9CMTFfRGF0YWJhc2UgcmVwYWkjRkZGRkZGRkYucGRmAAAAAAAAAAAAAAAAAAAAAAAAAAAAAAAAAAAAAAAAAAD/////AAAAAAAAAAAAAAAAAAEAAwAACiBjdQAAAAAAAAAAAAAAAAAGUGFwZXJzAAIAaC86VXNlcnM6bG9yZF9wcmV0emVsOkRvY3VtZW50czpQYXBlckdpdDpQYXBlcnM6QjExX0RhdGFiYXNlIHJlcGFpcmluZyBhbmQgY29uc2lzdGVudCBxdWVyeSBhbnN3ZXJpbmcucGRmAA4AdAA5AEIAMQAxAF8ARABhAHQAYQBiAGEAcwBlACAAcgBlAHAAYQBpAHIAaQBuAGcAIABhAG4AZAAgAGMAbwBuAHMAaQBzAHQAZQBuAHQAIABxAHUAZQByAHkAIABhAG4AcwB3AGUAcgBpAG4AZwAuAHAAZABmAA8AGgAMAE0AYQBjAGkAbgB0AG8AcwBoACAASABEABIAZlVzZXJzL2xvcmRfcHJldHplbC9Eb2N1bWVudHMvUGFwZXJHaXQvUGFwZXJzL0IxMV9EYXRhYmFzZSByZXBhaXJpbmcgYW5kIGNvbnNpc3RlbnQgcXVlcnkgYW5zd2VyaW5nLnBkZgATAAEvAAAVAAIAE///AAAACAANABoAJABzAAAAAAAAAgEAAAAAAAAABQAAAAAAAAAAAAAAAAAAApM=},
}



@inproceedings{DBLP:conf/chi/KandelPHH11,
  author    = {Sean Kandel and
               Andreas Paepcke and
               Joseph M. Hellerstein and
               Jeffrey Heer},
  title     = {Wrangler: interactive visual specification of data transformation
               scripts},
  booktitle = {{CHI}},
  pages     = {3363--3372},
  publisher = {{ACM}},
  year      = {2011}
}



@inproceedings{DBLP:conf/visualization/BavoilCSVCSF05,
  author    = {Louis Bavoil and
               Steven P. Callahan and
               Carlos Eduardo Scheidegger and
               Huy T. Vo and
               Patricia Crossno and
               Cl{\'{a}}udio T. Silva and
               Juliana Freire},
  title     = {VisTrails: Enabling Interactive Multiple-View Visualizations},
  booktitle = {{IEEE} Visualization},
  pages     = {135--142},
  publisher = {{IEEE} Computer Society},
  year      = {2005}
}



@inproceedings{DBLP:conf/cloud/PasquierHGMESB17,
  author    = {Thomas F. J.{-}M. Pasquier and
               Xueyuan Han and
               Mark Goldstein and
               Thomas Moyer and
               David M. Eyers and
               Margo I. Seltzer and
               Jean Bacon},
  title     = {Practical whole-system provenance capture},
  booktitle = {SoCC},
  pages     = {405--418},
  publisher = {{ACM}},
  year      = {2017}
}



@inproceedings{DBLP:conf/tapp/ChirigatiSF13,
  author    = {Fernando Seabra Chirigati and
               Dennis E. Shasha and
               Juliana Freire},
  title     = {ReproZip: Using Provenance to Support Computational Reproducibility},
  booktitle = {TaPP},
  publisher = {{USENIX} Association},
  year      = {2013}
}



@article{DBLP:journals/pvldb/AmsterdamerDDMST11,
  author    = {Yael Amsterdamer and
               Susan B. Davidson and
               Daniel Deutch and
               Tova Milo and
               Julia Stoyanovich and
               Val Tannen},
  title     = {Putting Lipstick on Pig: Enabling Database-style Workflow Provenance},
  journal   = {Proc. {VLDB} Endow.},
  volume    = {5},
  number    = {4},
  pages     = {346--357},
  year      = {2011}
}



@inproceedings{DBLP:conf/sigmod/OlstonRSKT08,
  author    = {Christopher Olston and
               Benjamin Reed and
               Utkarsh Srivastava and
               Ravi Kumar and
               Andrew Tomkins},
  title     = {Pig latin: a not-so-foreign language for data processing},
  booktitle = {{SIGMOD} Conference},
  pages     = {1099--1110},
  publisher = {{ACM}},
  year      = {2008}
}



@inproceedings{DBLP:conf/tapp/NiuAGLKKG16,
  author    = {Xing Niu and
               Bahareh Sadat Arab and
               Dieter Gawlick and
               Zhen Hua Liu and
               Vasudha Krishnaswamy and
               Oliver Kennedy and
               Boris Glavic},
  title     = {Provenance-aware Versioned Dataworkspaces},
  booktitle = {TaPP},
  publisher = {{USENIX} Association},
  year      = {2016}
}



@inproceedings{kumari:2016:qdb:communicating,
   author = {Kumari, Poonam and Achmiz, Said and Kennedy, Oliver},
   title = {Communicating Data Quality in On-Demand Curation},
   booktitle = {QDB},
   year = {2016}
}



@inproceedings{DBLP:conf/sigmod/ChiticariuTV05,
  author    = {Laura Chiticariu and
               Wang Chiew Tan and
               Gaurav Vijayvargiya},
  title     = {DBNotes: a post-it system for relational databases based on provenance},
  booktitle = {{SIGMOD} Conference},
  pages     = {942--944},
  publisher = {{ACM}},
  year      = {2005}
}



@article{DBLP:journals/vldb/BeskalesIGG14,
  author    = {George Beskales and
               Ihab F. Ilyas and
               Lukasz Golab and
               Artur Galiullin},
  title     = {Sampling from repairs of conditional functional dependency violations},
  journal   = {{VLDB} J.},
  volume    = {23},
  number    = {1},
  pages     = {103--128},
  year      = {2014}
}



@article{DBLP:journals/pvldb/MeliouGMS11,
  author    = {Alexandra Meliou and
               Wolfgang Gatterbauer and
               Katherine F. Moore and
               Dan Suciu},
  title     = {The Complexity of Causality and Responsibility for Query Answers and
               non-Answers},
  journal   = {Proc. {VLDB} Endow.},
  volume    = {4},
  number    = {1},
  pages     = {34--45},
  year      = {2010}
}

@inproceedings{DBLP:conf/sigmod/KanagalLD11,
  author    = {Bhargav Kanagal and
               Jian Li and
               Amol Deshpande},
  title     = {Sensitivity analysis and explanations for robust query evaluation
               in probabilistic databases},
  booktitle = {{SIGMOD} Conference},
  pages     = {841--852},
  publisher = {{ACM}},
  year      = {2011}
}



@article{DBLP:journals/pvldb/MeliouRS14,
  author    = {Alexandra Meliou and
               Sudeepa Roy and
               Dan Suciu},
  title     = {Causality and Explanations in Databases},
  journal   = {Proc. {VLDB} Endow.},
  volume    = {7},
  number    = {13},
  pages     = {1715--1716},
  year      = {2014}
}



@article{DBLP:journals/ftdb/GlavicMR21,
  author    = {Boris Glavic and
               Alexandra Meliou and
               Sudeepa Roy},
  title     = {Trends in Explanations: Understanding and Debugging Data-driven Systems},
  journal   = {Found. Trends Databases},
  volume    = {11},
  number    = {3},
  pages     = {226--318},
  year      = {2021}
}

@article{L16a,
  Author = {Libkin, Leonid},
  pdf = {/Users/lord_pretzel/Documents/PaperGit/Papers/L16_SQLs three-valued logic and certain answers.pdf},
  Date-Modified = {2017-03-16 02:34:50 +0000},
  Journal = {ACM Transactions on Database Systems (TODS)},
  Number = {1},
  Pages = {1},
  Publisher = {ACM},
  Title = {SQL's three-valued logic and certain answers},
  Volume = {41},
  Year = {2016}
}


