@article{DBLP:journals/debu/Stonebraker19,
  author    = {Michael Stonebraker and El Kindi Rezig},
  title     = {Machine Learning and Big Data: What is Important?},
  journal   = {{IEEE} Data Eng. Bull.},
  year      = {2019},
}

@article{DBLP:journals/tkde/RohHW19,
  author    = {Yuji Roh and
               Geon Heo and
               Steven Euijong Whang},
  title     = {A Survey on Data Collection for Machine Learning: a Big Data - {AI}
               Integration Perspective},
  journal   = {{IEEE} TKDE},
  year      = {2019},
}

@inproceedings{DBLP:conf/sp/CretuSLSK08,
  author    = {Gabriela F. Cretu and
               Angelos Stavrou and
               Michael E. Locasto and
               Salvatore J. Stolfo and
               Angelos D. Keromytis},
  title     = {Casting out Demons: Sanitizing Training Data for Anomaly Sensors},
  booktitle = {IEEE S{\&}P},
  pages     = {81--95},
  year      = {2008},
}

@inproceedings{DBLP:conf/pods/Venkatasubramanian19,
  author    = {Suresh Venkatasubramanian},
  title     = {Algorithmic Fairness: Measures, Methods and Representations},
  booktitle = {PODS},
  pages     = {481},
  year      = {2019},
}

@article{DBLP:journals/ibmrd/BellamyDHHHKLMM19,
  author    = {Rachel K. E. Bellamy and
               Kuntal Dey and
               Michael Hind and others},
  title     = {{AI} Fairness 360: An extensible toolkit for detecting and mitigating
               algorithmic bias},
  journal   = {{IBM} Journal of Research and Development},
  year      = {2019},
}

@article{DBLP:journals/tvcg/KahngAKC18,
  author    = {Minsuk Kahng and
               Pierre Y. Andrews and
               Aditya Kalro and others},
  title     = {ActiVis: Visual Exploration of Industry-Scale Deep Neural Network
               Models},
  journal   = {{IEEE} TVCG},
  year      = {2018},
}

@inproceedings{DBLP:conf/nips/Li0TSG18,
  author    = {Hao Li and
               Zheng Xu and
               Gavin Taylor and others},
  title     = {Visualizing the Loss Landscape of Neural Nets},
  booktitle = {NeurIPS},
  year      = {2018},
}

@misc{tfma,
  title = {TensorFlow Model Analysis},
  howpublished = {\url{https://www.tensorflow.org/tfx/guide/tfma}},
  note = {Accessed Jan 15th, 2021}}
}

@article{DBLP:journals/tkde/ChungKPTW19,
  author    = {Yeounoh Chung and Tim Kraska and Neoklis Polyzotis and Ki Hyun Tae and Steven Euijong Whang},
  title     = {Automated Data Slicing for Model Validation: A Big data-AI Integration Approach},
  journal   = {{IEEE} TKDE},
  year      = {2019},
}


@inproceedings{DBLP:conf/sigmod/VartakTMZ18,
  author    = {Manasi Vartak and
               Joana M. F. da Trindade and
               Samuel Madden and others},
  title     = {{MISTIQUE:} {A} System to Store and Query Model Intermediates for
               Model Diagnosis},
  booktitle = {SIGMOD},
  year      = {2018},
}

@inproceedings{SongK019,
  author    = {Hwanjun Song and
               Minseok Kim and
               Jae{-}Gil Lee},
  title     = {{SELFIE}: Refurbishing Unclean Samples for Robust Deep Learning},
  booktitle = {ICML},
  pages     = {5907--5915},
  year      = {2019}
}

@article{ChePCSL18,
  author    = {Zhengping Che and
              Sanjay Purushotham and
              Kyunghyun Cho and
              David A. Sontag and
              Yan Liu},
  title     = {Recurrent Neural Networks for Multivariate Time Series with Missing
               Values},
  journal   = {Scientific Reports},
  year      = {2018},
}

@inproceedings{ParkSKL020,
  author    = {Dongmin Park and
               Hwanjun Song and
               Minseok Kim and
               Jae{-}Gil Lee},
  title     = {{TRAP}: Two-level Regularized Autoencoder-based Embedding for Power-law Distributed Data},
  booktitle = {TheWebConf},
  year      = {2020}
}

@inproceedings{LiZCJW18,
  author    = {Xiucheng Li and
               Kaiqi Zhao and
               Gao Cong and
               Christian S. Jensen and
               Wei Wei},
  title     = {Deep Representation Learning for Trajectory Similarity Computation},
  booktitle = {ICDE},
  pages     = {617--628},
  year      = {2018}
}

@inproceedings{Polyzotis:2017:DMC:3035918.3054782,
 author = {Polyzotis, Neoklis and Roy, Sudip and Whang, Steven Euijong and Zinkevich, Martin},
 title = {Data Management Challenges in Production Machine Learning},
 booktitle = {SIGMOD},
 pages     = {1723--1726},
 year = {2017},
} 

@article{DBLP:journals/sigmod/PolyzotisRWZ18,
  author    = {Neoklis Polyzotis and
               Sudip Roy and
               Steven Euijong Whang and
               Martin Zinkevich},
  title     = {Data Lifecycle Challenges in Production Machine Learning: {A} Survey},
  journal   = {{SIGMOD} Rec.},
  volume    = {47},
  number    = {2},
  pages     = {17--28},
  year      = {2018},
  url       = {https://doi.org/10.1145/3299887.3299891},
  doi       = {10.1145/3299887.3299891},
  timestamp = {Fri, 06 Mar 2020 21:55:44 +0100},
  biburl    = {https://dblp.org/rec/journals/sigmod/PolyzotisRWZ18.bib},
  bibsource = {dblp computer science bibliography, https://dblp.org}
}

@inproceedings{DBLP:conf/sigmod/Kumar0017,
  author    = {Arun Kumar and
               Matthias Boehm and
               Jun Yang},
  title     = {Data Management in Machine Learning: Challenges, Techniques, and Systems},
  booktitle = {SIGMOD},
  pages     = {1717--1722},
  year      = {2017},
}

@article{DBLP:journals/pvldb/DongR18,
  author    = {Luna Dong and
               Theodoros Rekatsinas},
  title     = {Data Integration and Machine Learning: {A} Natural Synergy},
  journal   = {{PVLDB}},
  volume    = {11},
  number    = {12},
  pages     = {2094--2097},
  year      = {2018},
}

@article{DBLP:journals/pvldb/NargesianZMPA19,
  author    = {Fatemeh Nargesian and
               Erkang Zhu and
               Ren{\'{e}}e J. Miller and
               Ken Q. Pu and
               Patricia C. Arocena},
  title     = {Data Lake Management: Challenges and Opportunities},
  journal   = {{PVLDB}},
  volume    = {12},
  number    = {12},
  pages     = {1986--1989},
  year      = {2019},
}

@article{DBLP:journals/corr/abs-1904-09483,
  author    = {Peng Li and
               Xi Rao and
               Jennifer Blase and
               Yue Zhang and
               Xu Chu and
               Ce Zhang},
  title     = {{CleanML}: {A} Benchmark for Joint Data Cleaning and Machine Learning},
  journal   = {CoRR},
  volume    = {abs/1904.09483},
  year      = {2019},
}

@inproceedings{DBLP:conf/sigmod/TaeROKW19,
  author    = {Ki Hyun Tae and
               Yuji Roh and
               Young Hun Oh and
               Hyunsu Kim and
               Steven Euijong Whang},
  title     = {Data Cleaning for Accurate, Fair, and Robust Models: {A} Big Data
               - {AI} Integration Approach},
  booktitle = {DEEM@SIGMOD},
  year      = {2019},
}

@inproceedings{DBLP:conf/kdd/BaylorBCFFHHIJK17,
  author    = {Denis Baylor and
               Eric Breck and
               Heng{-}Tze Cheng and
               Noah Fiedel and
               Chuan Yu Foo and
               Zakaria Haque and
               Salem Haykal and
               Mustafa Ispir and
               Vihan Jain and
               Levent Koc and
               Chiu Yuen Koo and
               Lukasz Lew and
               Clemens Mewald and
               Akshay Naresh Modi and
               Neoklis Polyzotis and
               Sukriti Ramesh and
               Sudip Roy and
               Steven Euijong Whang and
               Martin Wicke and
               Jarek Wilkiewicz and
               Xin Zhang and
               Martin Zinkevich},
  title     = {{TFX:} {A} TensorFlow-Based Production-Scale Machine Learning Platform},
  booktitle = {KDD},
  pages     = {1387--1395},
  year      = {2017},
  crossref  = {DBLP:conf/kdd/2017},
  url       = {https://doi.org/10.1145/3097983.3098021},
  doi       = {10.1145/3097983.3098021},
  timestamp = {Fri, 25 Dec 2020 01:14:16 +0100},
  biburl    = {https://dblp.org/rec/conf/kdd/BaylorBCFFHHIJK17.bib},
  bibsource = {dblp computer science bibliography, https://dblp.org}
}

@inproceedings{DBLP:conf/sosp/PeiCYJ17,
  author    = {Kexin Pei and
               Yinzhi Cao and
               Junfeng Yang and
               Suman Jana},
  title     = {DeepXplore: Automated Whitebox Testing of Deep Learning Systems},
  booktitle = {SOSP},
  year      = {2017},
}

@inproceedings{DBLP:conf/icml/OdenaOAG19,
  author    = {Augustus Odena and
               Catherine Olsson and
               David Andersen and
               Ian J. Goodfellow},
  title     = {TensorFuzz: Debugging Neural Networks with Coverage-Guided Fuzzing},
  booktitle = {ICML},
  year      = {2019},
}

@inproceedings{breck2019data,
 author = {Eric Breck and Martin Zinkevich and Neoklis Polyzotis and Steven Euijong Whang and Sudip Roy},
 title = {Data Validation for Machine Learning},
 booktitle = {MLSys},
 year = {2019},
} 

@article{DBLP:journals/pvldb/VartakRMPP15,
  author    = {Manasi Vartak and
               Sajjadur Rahman and
               Samuel Madden and
               Aditya G. Parameswaran and
               Neoklis Polyzotis},
  title     = {{SEEDB}: Efficient Data-Driven Visualization Recommendations to Support
               Visual Analytics},
  journal   = {{PVLDB}},
  volume    = {8},
  number    = {13},
  pages     = {2182--2193},
  year      = {2015},
}

@inproceedings{DBLP:conf/sigmod/ZhaoSZBUK17,
  author    = {Zheguang Zhao and
               Lorenzo De Stefani and
               Emanuel Zgraggen and
               Carsten Binnig and
               Eli Upfal and
               Tim Kraska},
  title     = {Controlling False Discoveries During Interactive Data Exploration},
  booktitle = {SIGMOD},
  pages     = {527--540},
  year      = {2017},
}

@inproceedings{DBLP:conf/icml/RohLWS20,
  author    = {Yuji Roh and
               Kangwook Lee and
               Steven Euijong Whang and
               Changho Suh},
  title     = {FR-Train: {A} Mutual Information-Based Approach to Fair and Robust
               Training},
  booktitle = {ICML},
  volume    = {119},
  pages     = {8147--8157},
  year      = {2020},
}

@book{DBLP:books/acm/IlyasC19,
  author    = {Ihab F. Ilyas and
               Xu Chu},
  title     = {Data Cleaning},
  publisher = {{ACM}},
  year      = {2019},
  url       = {https://doi.org/10.1145/3310205},
  doi       = {10.1145/3310205},
  isbn      = {978-1-4503-7152-0},
  timestamp = {Tue, 05 Nov 2019 16:32:12 +0100},
  biburl    = {https://dblp.org/rec/books/acm/IlyasC19.bib},
  bibsource = {dblp computer science bibliography, https://dblp.org}
}

@article{DBLP:journals/debu/ZahariaCD0HKMNO18,
  author    = {Matei Zaharia and
               Andrew Chen and
               Aaron Davidson and
               Ali Ghodsi and
               Sue Ann Hong and
               Andy Konwinski and
               Siddharth Murching and
               Tomas Nykodym and
               Paul Ogilvie and
               Mani Parkhe and
               Fen Xie and
               Corey Zumar},
  title     = {Accelerating the Machine Learning Lifecycle with MLflow},
  journal   = {{IEEE} Data Eng. Bull.},
  volume    = {41},
  number    = {4},
  pages     = {39--45},
  year      = {2018},
  url       = {http://sites.computer.org/debull/A18dec/p39.pdf},
  timestamp = {Tue, 10 Mar 2020 16:23:49 +0100},
  biburl    = {https://dblp.org/rec/journals/debu/ZahariaCD0HKMNO18.bib},
  bibsource = {dblp computer science bibliography, https://dblp.org}
}

@inproceedings{DBLP:conf/sigmod/TaeROKW19,
  author    = {Ki Hyun Tae and
               Yuji Roh and
               Young Hun Oh and
               Hyunsu Kim and
               Steven Euijong Whang},
  editor    = {Sebastian Schelter and
               Neoklis Polyzotis and
               Stephan Seufert and
               Manasi Vartak},
  title     = {Data Cleaning for Accurate, Fair, and Robust Models: {A} Big Data
               - {AI} Integration Approach},
  booktitle = {DEEM@SIGMOD},
  pages     = {5:1--5:4},
  publisher = {{ACM}},
  year      = {2019},
  url       = {https://doi.org/10.1145/3329486.3329493},
  doi       = {10.1145/3329486.3329493},
  timestamp = {Wed, 05 Jun 2019 14:54:54 +0200},
  biburl    = {https://dblp.org/rec/conf/sigmod/TaeROKW19.bib},
  bibsource = {dblp computer science bibliography, https://dblp.org}
}

@inproceedings{DBLP:conf/icde/ChungKPTW19,
  author    = {Yeounoh Chung and
               Tim Kraska and
               Neoklis Polyzotis and
               Ki Hyun Tae and
               Steven Euijong Whang},
  title     = {Slice Finder: Automated Data Slicing for Model Validation},
  booktitle = {ICDE},
  pages     = {1550--1553},
  year      = {2019},
  url       = {https://doi.org/10.1109/ICDE.2019.00139},
  doi       = {10.1109/ICDE.2019.00139},
  timestamp = {Wed, 16 Oct 2019 14:14:56 +0200},
  biburl    = {https://dblp.org/rec/conf/icde/ChungKPTW19.bib},
  bibsource = {dblp computer science bibliography, https://dblp.org}
}

@article{DBLP:journals/tkde/ChungKPTW20,
  author    = {Yeounoh Chung and
               Tim Kraska and
               Neoklis Polyzotis and
               Ki Hyun Tae and
               Steven Euijong Whang},
  title     = {Automated Data Slicing for Model Validation: {A} Big Data - {AI} Integration
               Approach},
  journal   = {{IEEE} TKDE},
  volume    = {32},
  number    = {12},
  pages     = {2284--2296},
  year      = {2020},
  url       = {https://doi.org/10.1109/TKDE.2019.2916074},
  doi       = {10.1109/TKDE.2019.2916074},
  timestamp = {Thu, 19 Nov 2020 15:52:20 +0100},
  biburl    = {https://dblp.org/rec/journals/tkde/ChungKPTW20.bib},
  bibsource = {dblp computer science bibliography, https://dblp.org}
}

@article{DBLP:journals/pvldb/Whang020,
  author    = {Steven Euijong Whang and
               Jae{-}Gil Lee},
  title     = {Data Collection and Quality Challenges for Deep Learning},
  journal   = {Proc. {VLDB} Endow.},
  volume    = {13},
  number    = {12},
  pages     = {3429--3432},
  year      = {2020},
  url       = {http://www.vldb.org/pvldb/vol13/p3429-whang.pdf},
  timestamp = {Tue, 08 Sep 2020 17:29:00 +0200},
  biburl    = {https://dblp.org/rec/journals/pvldb/Whang020.bib},
  bibsource = {dblp computer science bibliography, https://dblp.org}
}

@inproceedings{DBLP:journals/corr/abs-2003-04549,
  author    = {Ki Hyun Tae and
               Steven Euijong Whang},
  title     = {Slice Tuner: {A} Selective Data Acquisition Framework for Accurate
               and Fair Machine Learning Models},
  booktitle = {SIGMOD},
  year      = {2021},
}

@inproceedings{fairbatch,
  author    = {Yuji Roh and
               Kangwook Lee and
               Steven Euijong Whang and
               Changho Suh},
  title     = {FairBatch: Batch Selection for Model Fairness},
  booktitle = {ICLR},
  year      = {2021},
}

@article{DBLP:journals/corr/abs-2004-03264,
  author    = {Geon Heo and
               Yuji Roh and
               Seonghyeon Hwang and
               Dayun Lee and
               Steven Euijong Whang},
  title     = {Inspector Gadget: {A} Data Programming-based Labeling System for Industrial
               Images},
  journal   = {{PVLDB}},
  year      = {2021}
}

@misc{google,
  title = {Responsible AI Practices},
  howpublished = {\url{https://ai.google/responsibilities/responsible-ai-practices}},
  note = {Accessed Jan 15th, 2021}}
}

@misc{ibm,
  title = {Trusting AI},
  howpublished = {\url{https://www.research.ibm.com/artificial-intelligence/trusted-ai/}},
  note = {Accessed Jan 15th, 2021}}
}

@misc{microsoft,
  title = {Responsible AI principles from Microsoft},
  howpublished = {\url{https://www.microsoft.com/en-us/ai/responsible-ai}},
  note = {Accessed Jan 15th, 2021}}
}

@misc{machinebias,
author = "Angwin, J. and Larson, J. and Mattu, S. and Kirchner, L.",
year = "2016",
title = " Machine bias: {T}here's software used across the country to predict future criminals. {A}nd its biased against blacks."}

% @misc{machinebias,
%   title = {Machine Bias},
%   howpublished = {\url{https://www.propublica.org/article/machine-bias-risk-assessments-in-criminal-sentencing}},
%   %note = {Accessed Aug. 15th, 2019},
% }

@inproceedings{DBLP:conf/sp/CretuSLSK08,
  author    = {Gabriela F. Cretu and
               Angelos Stavrou and
               Michael E. Locasto and
               Salvatore J. Stolfo and
               Angelos D. Keromytis},
  title     = {Casting out Demons: Sanitizing Training Data for Anomaly Sensors},
  booktitle = {S{\&}P},
  pages     = {81--95},
  year      = {2008},
  crossref  = {DBLP:conf/sp/2008},
  url       = {https://doi.org/10.1109/SP.2008.11},
  doi       = {10.1109/SP.2008.11},
  timestamp = {Wed, 16 Oct 2019 14:14:51 +0200},
  biburl    = {https://dblp.org/rec/conf/sp/CretuSLSK08.bib},
  bibsource = {dblp computer science bibliography, https://dblp.org}
}

@article{aif360-oct-2018,
  author    = {Rachel K. E. Bellamy and
               Kuntal Dey and
               Michael Hind and
               Samuel C. Hoffman and
               Stephanie Houde and
               Kalapriya Kannan and
               Pranay Lohia and
               Jacquelyn Martino and
               Sameep Mehta and
               Aleksandra Mojsilovic and
               Seema Nagar and
               Karthikeyan Natesan Ramamurthy and
               John T. Richards and
               Diptikalyan Saha and
               Prasanna Sattigeri and
               Moninder Singh and
               Kush R. Varshney and
               Yunfeng Zhang},
  title     = {{AI} Fairness 360: An extensible toolkit for detecting and mitigating
               algorithmic bias},
  journal   = {{IBM} J. Res. Dev.},
  volume    = {63},
  number    = {4/5},
  pages     = {4:1--4:15},
  year      = {2019}
}

@inproceedings{DBLP:conf/semweb/BenjellounCN20,
  author    = {Omar Benjelloun and
               Shiyu Chen and
               Natasha F. Noy},
  title     = {Google Dataset Search by the Numbers},
  booktitle = {ISWC},
  pages     = {667--682},
  year      = {2020},
  crossref  = {DBLP:conf/semweb/2020-2},
  url       = {https://doi.org/10.1007/978-3-030-62466-8\_41},
  doi       = {10.1007/978-3-030-62466-8\_41},
  timestamp = {Sat, 14 Nov 2020 00:57:10 +0100},
  biburl    = {https://dblp.org/rec/conf/semweb/BenjellounCN20.bib},
  bibsource = {dblp computer science bibliography, https://dblp.org}
}

@inproceedings{Dwork:2012:FTA:2090236.2090255,
 author = {Dwork, Cynthia and Hardt, Moritz and Pitassi, Toniann and Reingold, Omer and Zemel, Richard},
 title = {Fairness Through Awareness},
 booktitle = {ITCS},
 year = {2012},
 isbn = {978-1-4503-1115-1},
 location = {Cambridge, Massachusetts},
 pages = {214--226},
 numpages = {13},
% url = {http://doi.acm.org/10.1145/2090236.2090255},
% doi = {10.1145/2090236.2090255},
% acmid = {2090255},
% publisher = {ACM},
% address = {New York, NY, USA},
} 

@inproceedings{DBLP:conf/kdd/FeldmanFMSV15,
  author    = {Michael Feldman and
               Sorelle A. Friedler and
               John Moeller and
               Carlos Scheidegger and
               Suresh Venkatasubramanian},
  title     = {Certifying and Removing Disparate Impact},
  booktitle = {KDD},
  pages     = {259--268},
  year      = {2015},
 %url       = {https://doi.org/10.1145/2783258.2783311},
  doi       = {10.1145/2783258.2783311},
  timestamp = {Tue, 06 Nov 2018 16:59:36 +0100},
  biburl    = {https://dblp.org/rec/bib/conf/kdd/FeldmanFMSV15},
  bibsource = {dblp computer science bibliography, https://dblp.org}
}

@inproceedings{DBLP:conf/nips/HardtPNS16,
  author    = {Moritz Hardt and
               Eric Price and
               Nati Srebro},
  title     = {Equality of Opportunity in Supervised Learning},
  booktitle = {NeurIPS},
  pages     = {3315--3323},
  year      = {2016},
 %url       = {http://papers.nips.cc/paper/6374-equality-of-opportunity-in-supervised-learning},
  timestamp = {Fri, 03 Mar 2017 14:59:41 +0100},
  biburl    = {https://dblp.org/rec/bib/conf/nips/HardtPNS16},
  bibsource = {dblp computer science bibliography, https://dblp.org}
}

@inproceedings{DBLP:conf/aies/ZhangLM18,
  author    = {Brian Hu Zhang and
               Blake Lemoine and
               Margaret Mitchell},
  title     = {Mitigating Unwanted Biases with Adversarial Learning},
  booktitle = {AIES},
  pages     = {335--340},
  year      = {2018},
  crossref  = {DBLP:conf/aies/2018},
  url       = {https://doi.org/10.1145/3278721.3278779},
  doi       = {10.1145/3278721.3278779},
  timestamp = {Mon, 14 Jan 2019 09:04:03 +0100},
  biburl    = {https://dblp.org/rec/bib/conf/aies/ZhangLM18},
  bibsource = {dblp computer science bibliography, https://dblp.org}
}

@inproceedings{DBLP:conf/kdd/Kohavi96,
  author    = {Ron Kohavi},
  title     = {Scaling Up the Accuracy of Naive-Bayes Classifiers: {A} Decision-Tree
               Hybrid},
  booktitle = {KDD},
  pages     = {202--207},
  year      = {1996},
 %url       = {http://www.aaai.org/Library/KDD/1996/kdd96-033.php},
  timestamp = {Mon, 05 Jun 2017 13:20:21 +0200},
  biburl    = {https://dblp.org/rec/bib/conf/kdd/Kohavi96},
  bibsource = {dblp computer science bibliography, https://dblp.org}
}

@inproceedings{DBLP:conf/nips/ChenJS18,
  author    = {Irene Y. Chen and
               Fredrik D. Johansson and
               David A. Sontag},
  title     = {Why Is My Classifier Discriminatory?},
  booktitle = {NeurIPS},
  pages     = {3543--3554},
  year      = {2018}
}

@article{baidu2017deep,
  author    = {Joel Hestness and
               Sharan Narang and
               Newsha Ardalani and
               Gregory F. Diamos and
               Heewoo Jun and
               Hassan Kianinejad and
               Md. Mostofa Ali Patwary and
               Yang Yang and
               Yanqi Zhou},
  title     = {Deep Learning Scaling is Predictable, Empirically},
  journal   = {CoRR},
  volume    = {abs/1712.00409},
  year      = {2017},
  url       = {http://arxiv.org/abs/1712.00409},
  archivePrefix = {arXiv},
  eprint    = {1712.00409},
  timestamp = {Mon, 13 Aug 2018 16:48:15 +0200},
  biburl    = {https://dblp.org/rec/journals/corr/abs-1712-00409.bib},
  bibsource = {dblp computer science bibliography, https://dblp.org}
}

@inproceedings{DBLP:conf/ijcai/DomhanSH15,
  author    = {Tobias Domhan and
               Jost Springenberg and
               Frank Hutter},
  title     = {Speeding Up Automatic Hyperparameter Optimization of Deep Neural Networks
               by Extrapolation of Learning Curves},
  booktitle = {IJCAI},
  pages     = {3460--3468},
  year      = {2015},
  timestamp = {Tue, 20 Aug 2019 16:16:43 +0200},
  biburl    = {https://dblp.org/rec/bib/conf/ijcai/DomhanSH15},
  bibsource = {dblp computer science bibliography, https://dblp.org}
}

@book{barocas-hardt-narayanan,
  title = {Fairness and Machine Learning},
  author = {Solon Barocas and Moritz Hardt and Arvind Narayanan},
  publisher = {fairmlbook.org},
  note = {\url{http://www.fairmlbook.org}},
  year = {2019}
}

@article{DBLP:journals/corr/abs-2007-08199,
  author    = {Hwanjun Song and
               Minseok Kim and
               Dongmin Park and
               Jae{-}Gil Lee},
  title     = {Learning from Noisy Labels with Deep Neural Networks: {A} Survey},
  journal   = {CoRR},
  volume    = {abs/2007.08199},
  year      = {2020},
  url       = {https://arxiv.org/abs/2007.08199},
  archivePrefix = {arXiv},
  eprint    = {2007.08199},
  timestamp = {Wed, 22 Jul 2020 12:09:15 +0200},
  biburl    = {https://dblp.org/rec/journals/corr/abs-2007-08199.bib},
  bibsource = {dblp computer science bibliography, https://dblp.org}
}

@article{DBLP:journals/corr/abs-1811-00741,
  author    = {Pang Wei Koh and
               Jacob Steinhardt and
               Percy Liang},
  title     = {Stronger Data Poisoning Attacks Break Data Sanitization Defenses},
  journal   = {CoRR},
  volume    = {abs/1811.00741},
  year      = {2018},
  url       = {http://arxiv.org/abs/1811.00741},
  archivePrefix = {arXiv},
  eprint    = {1811.00741},
  timestamp = {Mon, 26 Nov 2018 12:52:45 +0100},
  biburl    = {https://dblp.org/rec/journals/corr/abs-1811-00741.bib},
  bibsource = {dblp computer science bibliography, https://dblp.org}
}

@inproceedings{zhifei2017cvpr,
  author    = {Zhifei Zhang and
               Yang Song and
               Hairong Qi},
  title     = {Age Progression/Regression by Conditional Adversarial Autoencoder},
  booktitle = {CVPR},
  pages     = {4352--4360},
  year      = {2017},
}

@inproceedings{DBLP:conf/edbt/SchelterHKS20,
  author    = {Sebastian Schelter and
               Yuxuan He and
               Jatin Khilnani and
               Julia Stoyanovich},
  title     = {FairPrep: Promoting Data to a First-Class Citizen in Studies on Fairness-Enhancing
               Interventions},
  booktitle = {EDBT},
  pages     = {395--398},
  year      = {2020},
  crossref  = {DBLP:conf/edbt/2020},
  url       = {https://doi.org/10.5441/002/edbt.2020.41},
  doi       = {10.5441/002/edbt.2020.41},
  timestamp = {Fri, 28 Aug 2020 08:05:19 +0200},
  biburl    = {https://dblp.org/rec/conf/edbt/SchelterHKS20.bib},
  bibsource = {dblp computer science bibliography, https://dblp.org}
}

@article{DBLP:journals/pvldb/AsudehJ20a,
  author    = {Julia Stoyanovich and
               Bill Howe and
               H. V. Jagadish},
  title     = {Responsible Data Management},
  journal   = {PVLDB},
  volume    = {13},
  number    = {12},
  pages     = {3474--3488},
  year      = {2020},
  url       = {http://www.vldb.org/pvldb/vol13/p3474-stoyanovich.pdf},
  timestamp = {Tue, 15 Sep 2020 16:44:36 +0200},
  biburl    = {https://dblp.org/rec/journals/pvldb/AsudehJ20a.bib},
  bibsource = {dblp computer science bibliography, https://dblp.org}
}

@inproceedings{DBLP:conf/sigmod/Polyzotis0WZ17,
  author    = {Neoklis Polyzotis and
               Sudip Roy and
               Steven Euijong Whang and
               Martin Zinkevich},
  title     = {Data Management Challenges in Production Machine Learning},
  booktitle = {SIGMOD},
  pages     = {1723--1726},
  year      = {2017},
  url       = {https://doi.org/10.1145/3035918.3054782},
  doi       = {10.1145/3035918.3054782},
  timestamp = {Tue, 06 Nov 2018 11:07:39 +0100},
  biburl    = {https://dblp.org/rec/conf/sigmod/Polyzotis0WZ17.bib},
  bibsource = {dblp computer science bibliography, https://dblp.org}
}

@article{DBLP:journals/kais/KamiranC11,
  author    = {Faisal Kamiran and
               Toon Calders},
  title     = {Data preprocessing techniques for classification without discrimination},
  journal   = {Knowl. Inf. Syst.},
  volume    = {33},
  number    = {1},
  pages     = {1--33},
  year      = {2011},
  url       = {https://doi.org/10.1007/s10115-011-0463-8},
  doi       = {10.1007/s10115-011-0463-8},
  timestamp = {Tue, 26 Jun 2018 14:10:08 +0200},
  biburl    = {https://dblp.org/rec/journals/kais/KamiranC11.bib},
  bibsource = {dblp computer science bibliography, https://dblp.org}
}

@inproceedings{DBLP:conf/pkdd/PaudiceML18,
  author    = {Andrea Paudice and
               Luis Mu{\~{n}}oz{-}Gonz{\'{a}}lez and
               Emil C. Lupu},
  title     = {Label Sanitization Against Label Flipping Poisoning Attacks},
  booktitle = {ECML PKDD},
  pages     = {5--15},
  year      = {2018},
 %url       = {https://doi.org/10.1007/978-3-030-13453-2\_1},
  doi       = {10.1007/978-3-030-13453-2\_1},
  timestamp = {Tue, 14 May 2019 10:00:47 +0200},
  biburl    = {https://dblp.org/rec/bib/conf/pkdd/PaudiceML18},
  bibsource = {dblp computer science bibliography, https://dblp.org}
}

@article{bender-friedman-2018-data,
    title = "Data Statements for Natural Language Processing: Toward Mitigating System Bias and Enabling Better Science",
    author = "Bender, Emily M.  and
      Friedman, Batya",
    journal = "TACL",
    volume = "6",
    year = "2018",
    doi = "10.1162/tacl_a_00041",
    pages = "587--604",
}

@misc{mlmd,
  title = {Machine Learning Metadata},
  howpublished = {\url{https://www.tensorflow.org/tfx/guide/mlmd}},
  note = {Accessed Jan 15th, 2021}}
}
