@misc{nyt-chatgptuses,
 author = "Kevin Rose",
 title = "{How Should I Use A.I. Chatbots Like ChatGPT?}",
 note = "New York Times (Mar 30, 2023) \url{https://www.nytimes.com/2023/03/30/technology/ai-chatbot-chatgpt-uses-work-life.html}"
}

@inproceedings{HalevyCIDR03,
  author    = {Alon Y. Halevy and
               Oren Etzioni and
               AnHai Doan and
               Zachary G. Ives and
               Jayant Madhavan and
               Luke K. McDowell and
               Igor Tatarinov},
  title     = "{Crossing the Structure Chasm}",
  booktitle = {CIDR},
  year      = {2003},
  url       = {http://www-db.cs.wisc.edu/cidr/cidr2003/program/p11.pdf},
  timestamp = {Mon, 18 Jul 2022 17:13:00 +0200},
  biburl    = {https://dblp.org/rec/conf/cidr/HalevyED03.bib},
  bibsource = {dblp computer science bibliography, https://dblp.org}
}

@inproceedings{guu-etal-realm,
author = {Guu, Kelvin and Lee, Kenton and Tung, Zora and Pasupat, Panupong and Chang, Ming-Wei},
title = {REALM: Retrieval-Augmented Language Model Pre-Training},
year = {2020},
booktitle = {ICML},
articleno = {368},
numpages = {10}
}

@article{izacard_few-shot_2022,
	title = {Few-shot {Learning} with {Retrieval} {Augmented} {Language} {Models}},
	url = {http://arxiv.org/abs/2208.03299},
	publisher = {arXiv},
	author = {Izacard, Gautier and Lewis, Patrick and Lomeli, Maria and Hosseini, Lucas and Petroni, Fabio and Schick, Timo and Dwivedi-Yu, Jane and Joulin, Armand and Riedel, Sebastian and Grave, Edouard},
	year = {2022},
}

@article{borgeaud2021retro,
  title         = {Improving language models by retrieving from trillions of tokens},
  author        = {Borgeaud, Sebastian and Mensch, Arthur and Hoffmann, Jordan	
                   and Cai, Trevor and Rutherford, Eliza and Millican, Katie	
                   and van den Driessche, George and Lespiau, Jean-Baptiste and	
                   Damoc, Bogdan and Clark, Aidan and de Las Casas, Diego and	
                   Guy, Aurelia and Menick, Jacob and Ring, Roman and Hennigan,	
                   Tom and Huang, Saffron and Maggiore, Loren and Jones, Chris	
                   and Cassirer, Albin and Brock, Andy and Paganini, Michela	
                   and Irving, Geoffrey and Vinyals, Oriol and Osindero, Simon	
                   and Simonyan, Karen and Rae, Jack W and Elsen, Erich and	
                   Sifre, Laurent},
  year          = 2021,
  url           = {http://arxiv.org/abs/2112.04426},
  archiveprefix = {arXiv},
  eprint        = {2112.04426},
  primaryclass  = {cs.CL},
  arxivid       = {2112.04426}
}

@inproceedings{izacard-grave-2021-leveraging,
    title = "Leveraging Passage Retrieval with Generative Models for Open Domain Question Answering",
    author = "Izacard, Gautier  and
      Grave, Edouard",
    booktitle = "ACL",
    month = apr,
    year = "2021",
    url = "https://aclanthology.org/2021.eacl-main.74",
    doi = "10.18653/v1/2021.eacl-main.74",
    pages = "874--880"
}

@misc{yasunaga2022retrievalaugmented,
      title={Retrieval-Augmented Multimodal Language Modeling}, 
      author={Michihiro Yasunaga and Armen Aghajanyan and Weijia Shi and Rich James and Jure Leskovec and Percy Liang and Mike Lewis and Luke Zettlemoyer and Wen-tau Yih},
      year={2022},
      eprint={2211.12561},
      archivePrefix={arXiv},
      primaryClass={cs.CV}
}

@article{halevy-yu,
  author       = {Alon Y. Halevy and
                  Jane Dwivedi{-}Yu},
  title        = {Learnings from Data Integration for Augmented Language Models},
  journal      = {CoRR},
  volume       = {abs/2304.04576},
  year         = {2023},
  url          = {https://doi.org/10.48550/arXiv.2304.04576}
}

@inproceedings{akyurek-etal-2022-towards,
    title = "Towards Tracing Knowledge in Language Models Back to the Training Data",
    author = "Akyurek, Ekin  and
      Bolukbasi, Tolga  and
      Liu, Frederick  and
      Xiong, Binbin  and
      Tenney, Ian  and
      Andreas, Jacob  and
      Guu, Kelvin",
    booktitle = "EMNLP",
    month = dec,
    year = "2022",
    url = "https://aclanthology.org/2022.findings-emnlp.180",
    pages = "2429--2446"
}

@inproceedings{tracin2020,
 author = {Pruthi, Garima and Liu, Frederick and Kale, Satyen and Sundararajan, Mukund},
 booktitle = {NeurIPS},
 pages = {19920--19930},
 title = {Estimating Training Data Influence by Tracing Gradient Descent},
 url = {https://proceedings.neurips.cc/paper_files/paper/2020/file/e6385d39ec9394f2f3a354d9d2b88eec-Paper.pdf},
 volume = {33},
 year = {2020}
}

@article{Ditto,
  author    = {Yuliang Li and
               Jinfeng Li and
               Yoshihiko Suhara and
               AnHai Doan and
               Wang{-}Chiew Tan},
  title     = {Deep Entity Matching with Pre-Trained Language Models},
  journal   = {Proc. {VLDB} Endow.},
  volume    = {14},
  number    = {1},
  pages     = {50--60},
  year      = {2020},
  url       = {http://www.vldb.org/pvldb/vol14/p50-li.pdf},
  doi       = {10.14778/3421424.3421431},
  timestamp = {Tue, 23 Mar 2021 16:03:22 +0100},
  biburl    = {https://dblp.org/rec/journals/pvldb/0001LSDT20.bib},
  bibsource = {dblp computer science bibliography, https://dblp.org}
}

@inproceedings{han-etal-2020-explaining,
    title = "Explaining Black Box Predictions and Unveiling Data Artifacts through Influence Functions",
    author = "Han, Xiaochuang  and
      Wallace, Byron C.  and
      Tsvetkov, Yulia",
    booktitle = "ACL",
    month = jul,
    year = "2020",
    url = "https://aclanthology.org/2020.acl-main.492",
    doi = "10.18653/v1/2020.acl-main.492",
    pages = "5553--5563"
}

@inproceedings{yao2023react,
  title = {{ReAct}: Synergizing Reasoning and Acting in Language Models},
  author = {Yao, Shunyu and Zhao, Jeffrey and Yu, Dian and Du, Nan and Shafran, Izhak and Narasimhan, Karthik and Cao, Yuan},
  booktitle = {ICLR},
  year = {2023},
  html = {https://arxiv.org/abs/2210.03629},
}

@inproceedings{wei2022chain,
title={Chain of Thought Prompting Elicits Reasoning in Large Language Models},
author={Jason Wei and Xuezhi Wang and Dale Schuurmans and Maarten Bosma and brian ichter and Fei Xia and Ed H. Chi and Quoc V Le and Denny Zhou},
booktitle={NeurIPS},
year={2022},
url={https://openreview.net/forum?id=_VjQlMeSB_J}
}

@article{acid,
author = {Haerder, Theo and Reuter, Andreas},
title = {Principles of Transaction-Oriented Database Recovery},
year = {1983},
volume = {15},
number = {4},
issn = {0360-0300},
url = {https://doi.org/10.1145/289.291},
doi = {10.1145/289.291},
journal = {ACM Comput. Surv.},
month = {dec},
pages = {287â€“317},
numpages = {31}
}

@inproceedings{scholak-etal-2021-picard,
    title = "{PICARD}: Parsing Incrementally for Constrained Auto-Regressive Decoding from Language Models",
    author = "Scholak, Torsten  and
      Schucher, Nathan  and
      Bahdanau, Dzmitry",
    booktitle = "EMNLP",
    month = nov,
    year = "2021",
    url = "https://aclanthology.org/2021.emnlp-main.779",
    doi = "10.18653/v1/2021.emnlp-main.779",
    pages = "9895--9901",
}

@inproceedings{DBLP:conf/nips/KielaFMGSRT20,
  author    = {Douwe Kiela and
               Hamed Firooz and
               Aravind Mohan and
               Vedanuj Goswami and
               Amanpreet Singh and
               Pratik Ringshia and
               Davide Testuggine},
  title     = {The Hateful Memes Challenge: Detecting Hate Speech in Multimodal Memes},
  booktitle = {NeurIPS},
  year      = {2020},
  url       = {https://proceedings.neurips.cc/paper/2020/hash/1b84c4cee2b8b3d823b30e2d604b1878-Abstract.html},
  timestamp = {Tue, 19 Jan 2021 15:57:30 +0100},
  biburl    = {https://dblp.org/rec/conf/nips/KielaFMGSRT20.bib},
  bibsource = {dblp computer science bibliography, https://dblp.org}
}


@article{posttext,
  author       = {Wang{-}Chiew Tan and
                  Yuliang Li and
                  Pedro Rodriguez and
                  Richard James and
                  Xi Victoria Lin and
                  Alon Y. Halevy and
                  Scott Yih},
  title        = {Reimagining Retrieval Augmented Language Models for Answering Queries},
  journal      = {CoRR},
  volume       = {abs/2306.01061},
  year         = {2023}
}

@article{timelineqa,
  author       = {Wang{-}Chiew Tan and
                  Jane Dwivedi{-}Yu and
                  Yuliang Li and
                  Lambert Mathias and
                  Marzieh Saeidi and
                  Jing Nathan Yan and
                  Alon Y. Halevy},
  title        = {TimelineQA: {A} Benchmark for Question Answering over Timelines},
  journal      = {CoRR},
  volume       = {abs/2306.01069},
  year         = {2023}
}

@misc{shakarian2023independent,
      title="{An Independent Evaluation of ChatGPT on Mathematical Word Problems (MWP)}", 
      author={Paulo Shakarian and Abhinav Koyyalamudi and Noel Ngu and Lakshmivihari Mareedu},
      year={2023},
      eprint={2302.13814},
      archivePrefix={arXiv},
      primaryClass={cs.CL}
}

@misc{openai-text-davinci-003,
    title = {text-davinci-003},
    author = {OpenAI},
    note = {cited on April 12, 2023, Playground at \url{ https://platform.openai.com/playground}, info on training data at \url{ https://help.openai.com/en/articles/6643408-how-do-davinci-and-text-davinci-003-differ}}
}

@misc{frieder2023mathematical,
      title="{Mathematical Capabilities of ChatGPT}", 
      author={Simon Frieder and Luca Pinchetti and Ryan-Rhys Griffiths and Tommaso Salvatori and Thomas Lukasiewicz and Philipp Christian Petersen and Alexis Chevalier and Julius Berner},
      year={2023},
      eprint={2301.13867},
      archivePrefix={arXiv},
      primaryClass={cs.LG}
}



@misc{saeed2023querying,
      title="{Querying Large Language Models with SQL}", 
      author={Mohammed Saeed and Nicola De Cao and Paolo Papotti},
      year={2023},
      eprint={2304.00472},
      archivePrefix={arXiv}
}

@misc{kashefi2023chatgpt,
      title="{ChatGPT for Programming Numerical Methods}", 
      author={Ali Kashefi and Tapan Mukerji},
      year={2023},
      eprint={2303.12093},
      archivePrefix={arXiv},
      primaryClass={cs.LG}
}

@misc{sobania2023analysis,
      title="{An Analysis of the Automatic Bug Fixing Performance of ChatGPT}", 
      author={Dominik Sobania and Martin Briesch and Carol Hanna and Justyna Petke},
      year={2023},
      eprint={2301.08653},
      archivePrefix={arXiv},
      primaryClass={cs.SE}
}



@misc{retrievalqawithsources,
title = "{Retrieval Question Answering with Sources}",
author = "LangChain",
note = "\url{https://python.langchain.com/en/latest/modules/chains/index_examples/vector_db_qa_with_sources.html}"
}

@article{neuraldb,
  author    = {James Thorne and
               Majid Yazdani and
               Marzieh Saeidi and
               Fabrizio Silvestri and
               Sebastian Riedel and
               Alon Y. Levy},
  title     = "{From Natural Language Processing to Neural Databases}",
  journal   = {{VLDB} Endow.},
  volume    = {14},
  number    = {6},
  pages     = {1033--1039},
  year      = {2021},
  url       = {http://www.vldb.org/pvldb/vol14/p1033-thorne.pdf},
  doi       = {10.14778/3447689.3447706},
  timestamp = {Thu, 21 Apr 2022 17:09:21 +0200},
  biburl    = {https://dblp.org/rec/journals/pvldb/ThorneYSS0L21.bib},
  bibsource = {dblp computer science bibliography, https://dblp.org}
}

@inproceedings{qi-etal2022rasat,
  doi = {10.48550/ARXIV.2205.06983},
  url = {https://arxiv.org/abs/2205.06983},
  author = {Qi, Jiexing and Tang, Jingyao and He, Ziwei and Wan, Xiangpeng and Cheng, Yu and Zhou, Chenghu and Wang, Xinbing and Zhang, Quanshi and Lin, Zhouhan},
  title = "{{RASAT}: Integrating Relational Structures into Pretrained Seq2Seq Model for Text-to-SQL}",
  year = {2022},
  booktitle={EMNLP}
}