@article{hagedornputting,
  title={Putting Pandas in a Box},
  author={Hagedorn, Stefan and Kl{\"a}be, Steffen and Sattler, Kai-Uwe},
  journal={The Conference on Innovative Data Systems Research (CIDR)},
}

@article{sioulasaccelerating,
  title={Accelerating Complex Analytics using Speculation},
  author={Sioulas, Panagiotis and Sanca, Viktor and Mytilinis, Ioannis and Ailamaki, Anastasia},
  journal={The Conference on Innovative Data Systems Research (CIDR)},
}

@inproceedings{hellerstein1997online,
  title={Online aggregation},
  author={Hellerstein, Joseph M and Haas, Peter J and Wang, Helen J},
  booktitle={Proceedings of the 1997 ACM SIGMOD international conference on Management of data},
  pages={171--182},
  year={1997}
}

@inproceedings{moritz2017trust,
  title={Trust, but verify: Optimistic visualizations of approximate queries for exploring big data},
  author={Moritz, Dominik and Fisher, Danyel and Ding, Bolin and Wang, Chi},
  booktitle={Proceedings of the 2017 CHI conference on human factors in computing systems},
  pages={2904--2915},
  year={2017}
}

@inproceedings{kluyver2016jupyter,
  title={Jupyter Notebooks-a publishing format for reproducible computational workflows.},
  author={Kluyver, Thomas and Ragan-Kelley, Benjamin and P{\'e}rez, Fernando and Granger, Brian E and Bussonnier, Matthias and Frederic, Jonathan and Kelley, Kyle and Hamrick, Jessica B and Grout, Jason and Corlay, Sylvain and others},
  booktitle={ELPUB},
  pages={87--90},
  year={2016}
}

@InProceedings{mckinney-proc-scipy-2010,
  author    = { {W}es {M}c{K}inney },
  title     = { {D}ata {S}tructures for {S}tatistical {C}omputing in {P}ython },
  booktitle = { {P}roceedings of the 9th {P}ython in {S}cience {C}onference },
  pages     = { 56 - 61 },
  year      = { 2010 },
  editor    = { {S}t\'efan van der {W}alt and {J}arrod {M}illman },
  doi       = { 10.25080/Majora-92bf1922-00a }
}

@article{perkel2018jupyter,
  title={Why Jupyter is data scientists' computational notebook of choice},
  author={Perkel, Jeffrey M},
  journal={Nature},
  volume={563},
  number={7732},
  pages={145--147},
  year={2018},
  publisher={Nature Publishing Group}
}

@misc{python-growing-quickly,
title = {{Why is Python Growing So Quickly? Stack Overflow Blog}},
howpublished = {\url{https://stackoverflow.blog/2017/09/14/python-growing-quickly/}},
year = {2017},
}

@article{petersohn13towards,
  title={Towards Scalable Dataframe Systems},
  author={Petersohn, Devin and Macke, Stephen and Xin, Doris and Ma, William and Lee, Doris and Mo, Xiangxi and Gonzalez, Joseph E and Hellerstein, Joseph M and Joseph, Anthony D and Parameswaran, Aditya},
  journal={Proceedings of the VLDB Endowment},
  volume={13},
  number={11}
}

@misc{pandas-api,
title = {{Pandas API reference}},
howpublished = {\url{https://pandas.pydata.org/pandas-docs/stable/reference/index.html}},
year = {2020},
}

@misc{colab,
title = {{Google Colab}},
howpublished = {\url{colab.research.google.com}},
}

@inproceedings{yan2020auto,
  title={Auto-Suggest: Learning-to-Recommend Data Preparation Steps Using Data Science Notebooks},
  author={Yan, Cong and He, Yeye},
  booktitle={Proceedings of the 2020 ACM SIGMOD International Conference on Management of Data},
  pages={1539--1554},
  year={2020}
}

@article{liu2014effects,
  title={The effects of interactive latency on exploratory visual analysis},
  author={Liu, Zhicheng and Heer, Jeffrey},
  journal={IEEE transactions on visualization and computer graphics},
  volume={20},
  number={12},
  pages={2122--2131},
  year={2014},
  publisher={IEEE}
}

@inproceedings{sinthong2019aframe,
  title={AFrame: Extending DataFrames for Large-Scale Modern Data Analysis},
  author={Sinthong, Phanwadee and Carey, Michael J},
  booktitle={2019 IEEE International Conference on Big Data (Big Data)},
  pages={359--371},
  year={2019},
  organization={IEEE}
}

@misc{sparksql-func,
title = {{PySpark 2.4.4 Documentation: pyspark.sql module}},
howpublished = {\url{http://spark.apache.org/docs/latest/api/python/pyspark.sql.html#module-pyspark.sql.functions}}
}


@misc{koalas,
title = {{Koalas: pandas api on apache spark}},
howpublished = {\url{https://koalas.readthedocs.io/en/latest/}},
year = {2020},
}

@misc{pandas-opt,
title = {{Enhancing performance, Pandas Documentation}},
howpublished = {\url{https://pandas.pydata.org/pandas-docs/stable/
user_guide/enhancingperf.html}},
year = {2020},
}

@misc{Modin,
title = {{Modin Documentation}},
howpublished = {\url{https://modin.readthedocs.io/en/latest/}},
year = {2020},
}

@misc{Vaex,
title = {{Vaex Documentation}},
howpublished = {\url{https://vaex.readthedocs.io/en/latest/}},
year = {2020},
}

@misc{Dask,
title = {{Dask Documentation}},
howpublished = {\url{https://docs.dask.org/en/latest/}},
year = {2020},
}

@misc{notetaker,
title = {{Notetaker}},
howpublished = {\url{https://github.com/yifanwu/notetaker}},
year = {2020},
}


@inproceedings{kery2017variolite,
  title={Variolite: Supporting Exploratory Programming by Data Scientists.},
  author={Kery, Mary Beth and Horvath, Amber and Myers, Brad A},
  booktitle={CHI},
  pages={1265--1276},
  year={2017}
}

@inproceedings{kery2018interactions,
  title={Interactions for Untangling Messy History in a Computational Notebook},
  author={Kery, Mary Beth and Myers, Brad A},
  booktitle={2018 IEEE Symposium on Visual Languages and Human-Centric Computing (VL/HCC)},
  pages={147--155},
  year={2018},
  organization={IEEE}
}

@inproceedings{kery2019towards,
  title={Towards Effective Foraging by Data Scientists to Find Past Analysis Choices},
  author={Kery, Mary Beth and John, Bonnie E and O'Flaherty, Patrick and Horvath, Amber and Myers, Brad A},
  booktitle={Proceedings of the 2019 CHI Conference on Human Factors in Computing Systems},
  pages={92},
  year={2019},
  organization={ACM}
}

@inproceedings{brachmann2020your,
  title={Your notebook is not crumby enough, REPLace it.},
  author={Brachmann, Mike and Spoth, William and Kennedy, Oliver and Glavic, Boris and Mueller, Heiko and Castelo, Sonia and Bautista, Carlos and Freire, Juliana},
  booktitle={CIDR},
  year={2020}
}

@article{zhang2019juneau,
  title={Juneau: data lake management for Jupyter},
  author={Zhang, Yi and Ives, Zachary G},
  journal={Proceedings of the VLDB Endowment},
  volume={12},
  number={12},
  pages={1902--1905},
  year={2019},
  publisher={VLDB Endowment}
}

@article{hellerstein2007architecture,
  title={Architecture of a database system},
  author={Hellerstein, Joseph M and Stonebraker, Michael and Hamilton, James and others},
  journal={Foundations and Trends{\textregistered} in Databases},
  volume={1},
  number={2},
  pages={141--259},
  year={2007},
  publisher={Now Publishers, Inc.}
}

@book{cooper2011engineering,
  title={Engineering a compiler},
  author={Cooper, Keith and Torczon, Linda},
  year={2011},
  publisher={Elsevier}
}


@misc{Spark,
  title = {Task Preemption for High Concurrency},
  howpublished = {\url{https://docs.databricks.com/spark/latest/spark-sql/preemption.html#task-preemption-for-high-concurrency}},
  year={2020}
}

@misc{Kub,
  title = {Preemption},
  howpublished = {\url{https://kubernetes.io/docs/concepts/configuration/pod-priority-preemption/#preemption}},
  year={2020}
}

@article{myers2016programmers,
  title={Programmers are users too: Human-centered methods for improving programming tools},
  author={Myers, Brad A and Ko, Andrew J and LaToza, Thomas D and Yoon, YoungSeok},
  journal={Computer},
  volume={49},
  number={7},
  pages={44--52},
  year={2016},
  publisher={IEEE}
}

@article{mackefine,
  title={Fine-Grained Lineage for Safer Notebook Interactions},
  author={Macke, Stephen and Gong, Hongpu and Lee, Doris Jung-Lin and Head, Andrew and Xin, Doris and Parameswaran, Aditya},
  journal={Proceedings of the VLDB Endowment},
  year={2021}
}

@book{cooper2014face,
  title={About face: the essentials of interaction design},
  author={Cooper, Alan and Reimann, Robert and Cronin, David and Noessel, Christopher},
  year={2014},
  publisher={John Wiley \& Sons}
}

@article{jindalmagpie,
  title={Magpie: Python at Speed and Scale using Cloud Backends},
  author={Jindal, Alekh and Emani, K Venkatesh and Daum, Maureen and Poppe, Olga and Haynes, Brandon and Pavlenko, Anna and Gupta, Ayushi and Ramachandra, Karthik and Curino, Carlo and Mueller, Andreas and others},
  journal={The Conference on Innovative Data Systems Research (CIDR)},
}
