@inproceedings{delayedrepl,
  author    = {Jelle Hellings and
               Mohammad Sadoghi},
  title     = {Coordination-Free Byzantine Replication with Minimal Communication
               Costs},
  booktitle = {23rd International Conference on Database Theory, {ICDT}},
  pages     = {17:1--17:20},
  year      = {2020}
}

@techreport{dqbottom,
    title       = {Data quality and the bottom line: Achieving Business Success through a Commitment to High Quality Data},
    author      = {Eckerson, Wayne W.},
    year        = {2002},
    institution = {The Data Warehousing Institute, 101communications LLC.}
}

@article{impactent,
    author      = {Redman, Thomas C.},
    title       = {The Impact of Poor Data Quality on the Typical Enterprise},
    journal     = {Commun. ACM},
    volume      = {41},
    number      = {2},
    year        = {1998},
    pages       = {79--82},
    doi         = {10.1145/269012.269025},
    publisher   = {ACM}
}

@book{dqbook,
    author      = {Herzog, Thomas N. and Scheuren, Fritz J. and Winkler, William E.},
    title       = {Data Quality and Record Linkage Techniques},
    year        = {2007},
    publisher   = {Springer},
    doi         = {10.1007/0-387-69505-2}
}


@inproceedings{2pc,
    author      = {Gray, Jim},
    title       = {Notes on Data Base Operating Systems},
    booktitle   = {Operating Systems, An Advanced Course},
    year        = {1978},
    pages       = {393--481},
    publisher   = {Springer-Verlag},
    doi         = {10.1007/3-540-08755-9_9}
} 

@techreport{3pc,
    author         = {Skeen, Dale},
    title          = {A Quorum-Based Commit Protocol},
    year           = {1982},
    institution    = {Cornell University}
} 


@article{geobft,
    author      = {Gupta, Suyash and Rahnama, Sajjad and Hellings, Jelle and Sadoghi, Mohammad},
    title       = {{ResilientDB}: Global Scale Resilient Blockchain Fabric},
    year        = {2020},
    publisher   = {VLDB Endowment},
    volume      = {13},
    number      = {6},
    doi         = {10.14778/3380750.3380757},
    journal     = {Proc. VLDB Endow.},
    pages       = {868--883}
}

@inproceedings{poe,
  author    = {Suyash Gupta and Jelle Hellings and Sajjad Rahnama and Mohammad Sadoghi},
  title     = {{Proof-of-Execution}: Reaching Consensus through Fault-Tolerant Speculation},
  year      = {2021},
  booktitle = {Proceedings of the 24th International Conference on Extending Database
               Technology}
}

@article{pbftj,
    author      = {Castro, Miguel and Liskov, Barbara},
    title       = {Practical Byzantine Fault Tolerance and Proactive Recovery},
    journal     = {ACM Trans. Comput. Syst.},
    volume      = {20},
    number      = {4},
    year        = {2002},
    pages       = {398--461},
    doi         = {10.1145/571637.571640},
    publisher   = {ACM}
}

@article{zyzzyva,
    author      = {Kotla, Ramakrishna and Alvisi, Lorenzo and Dahlin, Mike and Clement, Allen and Wong, Edmund},
    title       = {{Zyzzyva}: Speculative Byzantine Fault Tolerance},
    journal     = {ACM Trans. Comput. Syst.},
    volume      = {27},
    number      = {4},
    year        = {2009},
    pages       = {7:1--7:39},
    numpages    = {39},
    doi         = {10.1145/1658357.1658358},
    publisher   = {ACM}
}

@inproceedings{hotstuff,
    author         = {Yin, Maofan and Malkhi, Dahlia and Reiter, Michael K. and Gueta, Guy Golan and Abraham, Ittai},
    title          = {{HotStuff}: {BFT} Consensus with Linearity and Responsiveness},
    booktitle      = {Proceedings of the ACM Symposium on Principles of Distributed Computing},
    year           = {2019},
    pages          = {347--356},
    doi            = {10.1145/3293611.3331591},
    publisher      = {ACM}
}

@InProceedings{hotstuffm,
  author =	{Yandamuri, Sravya and Abraham, Ittai and Nayak, Kartik and Reiter, Michael},
  title =	{{Brief Announcement: Communication-Efficient BFT Using Small Trusted Hardware to Tolerate Minority Corruption}},
  booktitle =	{35th International Symposium on Distributed Computing (DISC 2021)},
  pages =	{62:1--62:4},
  series =	{Leibniz International Proceedings in Informatics (LIPIcs)},
  year =	{2021},
  volume =	{209},
  publisher =	{Schloss Dagstuhl -- Leibniz-Zentrum f{\"u}r Informatik},
  address =	{Dagstuhl, Germany},
  doi =		{10.4230/LIPIcs.DISC.2021.62},
}



@article{paxos,
    author      = {Lamport, Leslie},
    title       = {Paxos Made Simple},
    journal     = {ACM SIGACT News},
    note        = {Distributed Computing Column 5},
    volume      = {32},
    number      = {4},
    year        = {2001},
    pages       = {51--58},
    publisher   = {ACM},
    doi         = {10.1145/568425.568433}
}


@inproceedings{sbft, 
    author      = {{Golan Gueta}, Guy and Abraham, Ittai and Grossman, Shelly and Malkhi, Dahlia and Pinkas, Benny and Reiter, Michael and Seredinschi, Dragos-Adrian and Tamir, Orr and Tomescu, Alin}, 
    booktitle   = {49th Annual IEEE/IFIP International Conference on Dependable Systems and Networks}, 
    title       = {{SBFT}: A Scalable and Decentralized Trust Infrastructure}, 
    year        = {2019}, 
    publisher   = {IEEE},
    doi         = {10.1109/DSN.2019.00063}
}


@inproceedings{hyperledger-fabric,
    author      = {Androulaki, Elli and Barger, Artem and Bortnikov, Vita and Cachin, Christian and Christidis, Konstantinos and De Caro, Angelo and Enyeart, David and Ferris, Christopher and Laventman, Gennady and Manevich, Yacov and Muralidharan, Srinivasan and Murthy, Chet and Nguyen, Binh and Sethi, Manish and Singh, Gari and Smith, Keith and Sorniotti, Alessandro and Stathakopoulou, Chrysoula and Vukoli\'{c}, Marko and Cocco, Sharon Weed and Yellick, Jason},
    title       = {Hyperledger {Fabric}: A Distributed Operating System for Permissioned Blockchains},
    booktitle   = {Proceedings of the Thirteenth EuroSys Conference},
    year        = {2018},
    pages       = {30:1--30:15},
    publisher   = {ACM},
    doi         = {10.1145/3190508.3190538}
}


@article{minbft,
    author      = {Veronese, Giuliana Santos and Correia, Miguel and Bessani, Alysson Neves and Lung, Lau Cheuk and Verissimo, Paulo},
    title       = {Efficient Byzantine Fault-Tolerance},
    year        = {2013},
    publisher   = {IEEE},
    volume      = {62},
    number      = {1},
    doi         = {10.1109/TC.2011.221},
    journal     = {IEEE Trans. Comput.},
    pages       = {16--30},
}

@misc{zyzzyva-unsafe,
    title   = {Revisiting Fast Practical Byzantine Fault Tolerance},
    author  = {Ittai Abraham and Guy Gueta and Dahlia Malkhi and Lorenzo Alvisi and Rama Kotla and Jean-Philippe Martin},
    year    = {2017},
    url     = {https://arxiv.org/abs/1712.01367}
}


@inproceedings{eve,
    author      = {Kapritsos, Manos and Wang, Yang and Quema, Vivien and Clement, Allen and Alvisi, Lorenzo and Dahlin, Mike},
    title       = {All about Eve: Execute-Verify Replication for Multi-Core Servers},
    year        = {2012},
    publisher   = {USENIX},
    booktitle   = {Proceedings of the 10th USENIX Conference on Operating Systems Design and Implementation},
    pages       = {237--250},
}


@article{caper,
    author      = {Amiri, Mohammad Javad and Agrawal, Divyakant and Abbadi, Amr El},
    title       = {{CAPER}: A Cross-application Permissioned Blockchain},
    journal     = {Proc. VLDB Endow.},
    volume      = {12},
    number      = {11},
    year        = {2019},
    issn        = {2150-8097},
    pages       = {1385--1398},
    doi         = {10.14778/3342263.3342275},
    publisher   = {VLDB Endowment}
}

@techreport{ecodam,
    title       = {The Cost of Malicious Cyber Activity to the {U.S.}\ Economy},
    url         = {https://www.whitehouse.gov/wp-content/uploads/2018/03/The-Cost-of-Malicious-Cyber-Activity-to-the-U.S.-Economy.pdf},
    year        = {2018},
    author      = {The Council of Economic Advisers},
    institution = {Executive Office of the President of the United States}
}

@inproceedings{raft,
    author      = {Ongaro, Diego and Ousterhout, John},
    title       = {In Search of an Understandable Consensus Algorithm},
    year        = {2014},
    publisher   = {USENIX},
    booktitle   = {Proceedings of the 2014 USENIX Conference on USENIX Annual Technical Conference},
    pages       = {305--320},
}

@book{pdbook,
    author      = {{\"O}zsu, M. Tamer and Valduriez, Patrick},
    title       = {Principles of Distributed Database Systems},
    year        = {2020},
    publisher   = {Springer},
    doi         = {10.1007/978-3-030-26253-2}
}

@misc{improv-bft,
    title   = {Towards Improving the Performance of {BFT} Consensus For Future Permissioned Blockchains},
    author  = {Manuel Bravo and Zsolt Istv√°n and Man-Kit Sit},
    year    = {2020},
    url     = {https://arxiv.org/abs/2007.12637}
}

@article{blockchaindb,
    author      = {El-Hindi, Muhammad and Binnig, Carsten and Arasu, Arvind and Kossmann, Donald and Ramamurthy, Ravi},
    title       = {{BlockchainDB}: A Shared Database on Blockchains},
    journal     = {Proc. VLDB Endow.},
    volume      = {12},
    number      = {11},
    year        = {2019},
    pages       = {1597--1609},
    doi         = {10.14778/3342263.3342636},
    publisher   = {VLDB Endowment}
}

@inproceedings{blockplane,
    author      = {Nawab, Faisal and Sadoghi, Mohammad},
    booktitle   = {35th International Conference on Data Engineering (ICDE)},
    title       = {Blockplane: A Global-Scale Byzantizing Middleware},
    year        = {2019},
    pages       = {124-135},
    doi         = {10.1109/ICDE.2019.00020},
    publisher   = {IEEE}
}


@inproceedings{resilientdb,
    author    = {Suyash Gupta and Sajjad Rahnama and Mohammad Sadoghi},
    title     = {Permissioned Blockchain Through the Looking Glass: Architectural and Implementation Lessons Learned},
    booktitle = {Proceedings of the 40th IEEE International Conference on Distributed Computing Systems},
    year      = {2020},
}

@incollection{bc-processing,
  author    = {Suyash Gupta and Mohammad Sadoghi},
  title     = {Blockchain Transaction Processing},
  booktitle = {Encyclopedia of Big Data Technologies},
  year      = {2019},
  doi       = {10.1007/978-3-319-63962-8_333-1},
  publisher = {Springer},
  pages     = {1--11}
}



@article{bft-tutorial-vldb20,
    author    = {Suyash Gupta and Jelle Hellings and Sajjad Rahnama and Mohammad Sadoghi},
    title     = {Building High Throughput Permissioned Blockchain Fabrics: Challenges and Opportunities},
    journal   = {Proc. VLDB Endow.},
    volume    = {13},
    number    = {12},
    pages     = {3441--3444},
    year      = {2020},
    doi       = {10.14778/3415478.3415565},
    publisher   = {VLDB Endowment}
}

@inproceedings{bft-tutorial-debs20,
  author    = {Suyash Gupta and Jelle Hellings and Sajjad Rahnama and Mohammad Sadoghi},
  title     = {Blockchain consensus unraveled: virtues and limitations},
  booktitle = {Proceedings of the 14th ACM International Conference on Distributed and Event-based Systems},
  pages     = {218--221},
  publisher = {ACM},
  year      = {2020},
  doi       = {10.1145/3401025.3404099},
}

@inproceedings{bft-tutorial-middleware19,
  author    = {Suyash Gupta and Jelle Hellings and Sajjad Rahnama and Mohammad Sadoghi},
  title     = {An In-Depth Look of {BFT} Consensus in Blockchain: Challenges and Opportunities},
  booktitle = {Proceedings of the 20th International Middleware Conference Tutorials,
               Middleware},
  pages     = {6--10},
  publisher = {ACM},
  year      = {2019},
  doi       = {10.1145/3366625.3369437},
}

@book{cryptobook,
    author      = {Jonathan Katz and Yehuda Lindell},
    title       = {Introduction to Modern Cryptography},
    edition     = {2nd},
    year        = {2014},
    publisher   = {Chapman and Hall/CRC}
}

@inproceedings{rcc,
  author    = {Suyash Gupta and
               Jelle Hellings and
               Mohammad Sadoghi},
  title     = {{RCC:} Resilient Concurrent Consensus for High-Throughput Secure Transaction
               Processing},
  booktitle = {37th {IEEE} International Conference on Data Engineering, {ICDE} 2021,
               Chania, Greece, April 19-22, 2021},
  pages     = {1392--1403},
  publisher = {{IEEE}},
  year      = {2021},
  url       = {https://doi.org/10.1109/ICDE51399.2021.00124},
  doi       = {10.1109/ICDE51399.2021.00124},
  timestamp = {Sat, 09 Apr 2022 12:45:21 +0200},
  biburl    = {https://dblp.org/rec/conf/icde/GuptaHS21.bib},
  bibsource = {dblp computer science bibliography, https://dblp.org}
}

@article{vldb-demo,
    author    = {Sajjad Rahnama and  Suyash Gupta and Thamir Qadah and Jelle Hellings and Mohammad Sadoghi},
    title     = {Scalable, Resilient and Configurable Permissioned Blockchain Fabric},
    journal   = {Proc. VLDB Endow.},
    volume    = {13},
    number    = {12},
    pages     = {2893--2896},
    year      = {2020},
    doi       = {10.14778/3415478.3415502},
    publisher   = {VLDB Endowment}
}

@inproceedings{bambft,
    author      = {Suyash Gupta and Jelle Hellings and Mohammad Sadoghi},
    title       = {Brief Announcement: Revisiting Consensus Protocols through Wait-Free Parallelization},
    booktitle   = {33rd International Symposium on Distributed Computing (DISC 2019)},
    pages       = {44:1--44:3},
    year        = {2019},
    volume      = {146},
    publisher   = {Schloss Dagstuhl},
    doi         = {10.4230/LIPIcs.DISC.2019.44}
}

@inproceedings{bftsmart,
  author    = {Alysson Bessani and Jo√£o Sousa and Alchieri, Eduardo E.P.},
  booktitle = {44th Annual IEEE/IFIP International Conference on Dependable Systems and Networks}, 
  title     = {State Machine Replication for the Masses with {BFT-SMART}}, 
  year      = {2014},
  pages     = {355--362},
  doi       = {10.1109/DSN.2014.43},
  publisher = {IEEE}
}

@inproceedings{ahl,
    author      = {Dang, Hung and Dinh, Tien Tuan Anh and Loghin, Dumitrel and Chang, Ee-Chien and Lin, Qian and Ooi, Beng Chin},
    title       = {Towards Scaling Blockchain Systems via Sharding},
    booktitle   = {Proceedings of the 2019 International Conference on Management of Data},
    year        = {2019},
    pages       = {123--140},
    doi         = {10.1145/3299869.3319889},
    publisher   = {ACM}
} 



@inproceedings{ycsb,
    author      = {Cooper, Brian F. and Silberstein, Adam and Tam, Erwin and Ramakrishnan, Raghu and Sears, Russell},
    title       = {Benchmarking Cloud Serving Systems with {YCSB}},
    booktitle   = {Proceedings of the 1st ACM Symposium on Cloud Computing},
    year        = {2010},
    pages       = {143--154},
    doi         = {10.1145/1807128.1807152},
    publisher   = {ACM}
} 

@inproceedings{blockbench,
    author      = {Dinh, Tien Tuan Anh and Wang, Ji and Chen, Gang and Liu, Rui and Ooi, Beng Chin and Tan, Kian-Lee},
    title       = {{BLOCKBENCH}: A Framework for Analyzing Private Blockchains},
    year        = {2017},
    publisher   = {ACM},
    doi         = {10.1145/3035918.3064033},
    booktitle   = {Proceedings of the 2017 ACM International Conference on Management of Data},
    pages       = {1085--1100},
}

@inproceedings{aadvark,
    author = {Clement, Allen and Wong, Edmund and Alvisi, Lorenzo and Dahlin, Mike and Marchetti, Mirco},
    title = {Making Byzantine Fault Tolerant Systems Tolerate Byzantine Faults},
    year = {2009},
    publisher = {USENIX},
    booktitle = {Proceedings of the 6th USENIX Symposium on Networked Systems Design and Implementation},
    pages = {153--168},
}

@misc{bitcoin,
    title       = {Bitcoin: A Peer-to-Peer Electronic Cash System},
    author      = {Nakamoto, Satoshi},
    url         = {https://bitcoin.org/bitcoin.pdf},
    year        = {2009}
}

@inproceedings{ether,
author = {Wood, Gavin},
title = {{Ethereum: A secure decentralised generalised transaction ledger}},
url = {http://gavwood.com/paper.pdf},
year = {2015}
}

@article{badcoin,
    title       = {Bitcoin's Growing Energy Problem},
    journal     = {Joule},
    volume      = {2},
    number      = {5},
    pages       = {801--805},
    year        = {2018},
    doi         = {10.1016/j.joule.2018.04.016},
    author      = {de Vries, Alex},
    publisher   = {Elsevier}
}

@article{badbadcoin,
    title       = {Sustainability of bitcoin and blockchains},
    journal     = {Current Opinion in Environmental Sustainability},
    volume      = {28},
    pages       = {1--9},
    year        = {2017},
    doi         = {10.1016/j.cosust.2017.04.011},
    author      = {Vranken, Harald},
    publisher   = {Elsevier}
}


@inproceedings{hq,
    author      = {Cowling, James and Myers, Daniel and Liskov, Barbara and Rodrigues, Rodrigo and Shrira, Liuba},
    title       = {{HQ} Replication: A Hybrid Quorum Protocol for Byzantine Fault Tolerance},
    year        = {2006},
    publisher   = {USENIX},
    booktitle   = {Proceedings of the 7th Symposium on Operating Systems Design and Implementation},
    pages       = {177--190}
}

@article{a2m,
    author      = {Chun, Byung-Gon and Maniatis, Petros and Shenker, Scott and Kubiatowicz, John},
    title       = {Attested Append-Only Memory: Making Adversaries Stick to Their Word},
    year        = {2007},
    publisher   = {ACM},
    volume      = {41},
    number      = {6},
    doi         = {10.1145/1323293.1294280},
    journal     = {SIGOPS Oper. Syst. Rev.},
    pages       = {189--204},
}

@inproceedings {trinc,
author = {Dave Levin and John R. Douceur and Jacob R. Lorch and Thomas Moscibroda},
title = {{TrInc: Small Trusted Hardware for Large Distributed Systems}},
booktitle = {6th {USENIX} Symposium on Networked Systems Design and Implementation},
year = {2009},
publisher = {{USENIX} Association},
month = apr,
}


@inproceedings{equivocation-trusted,
author = {Clement, Allen and Junqueira, Flavio and Kate, Aniket and Rodrigues, Rodrigo},
title = {{On the (Limited) Power of Non-Equivocation}},
year = {2012},
isbn = {9781450314503},
publisher = {Association for Computing Machinery},
doi = {10.1145/2332432.2332490},
booktitle = {Proceedings of the 2012 ACM Symposium on Principles of Distributed Computing},
pages = {301‚Äì308},
}

@inproceedings{less-replica,
 author = {Miguel Correia and Nuno Ferreira Neves and Neves Paulo Ver√≠ssimo},
 title = {{How to Tolerate Half Less One Byzantine Nodes in Practical Distributed Systems}},
 booktitle = {Proceedings of 23rd IEEE Symposium on Reliable Distributed Systems},
 series = {SRDS'02},
 year = {2004},
 pages = {174--183},
 publisher = {IEEE},
}

@inproceedings{cheapbft,
author = {Kapitza, R\"{u}diger and Behl, Johannes and Cachin, Christian and Distler, Tobias and Kuhnle, Simon and Mohammadi, Seyed Vahid and Schr\"{o}der-Preikschat, Wolfgang and Stengel, Klaus},
title = {{CheapBFT: Resource-Efficient Byzantine Fault Tolerance}},
year = {2012},
publisher = {Association for Computing Machinery},
doi = {10.1145/2168836.2168866},
booktitle = {Proceedings of the 7th ACM European Conference on Computer Systems},
pages = {295‚Äì308},
}


@inproceedings{pow,
    author      = {Jakobsson, Markus and Juels, Ari},
    title       = {Proofs of Work and Bread Pudding Protocols},
    year        = {1999},
    publisher   = {Springer},
    booktitle   = {Secure Information Networks: Communications and Multimedia Security IFIP TC6/TC11 Joint Working Conference on Communications and Multimedia Security (CMS'99)},
    pages       = {258--272},
    numpages    = {15},
    doi         = {10.1007/978-0-387-35568-9_18}
}

@misc{ppcoin, 
    author  = {King, Sunny and Nadal, Scott},
    title   = {{PPCoin}: Peer-to-Peer Crypto-Currency with {Proof-of-Stake}},
    year    = {2012},
    url     = {https://www.peercoin.net/whitepapers/peercoin-paper.pdf}
}

@misc{conflux,
    title       = {Scaling Nakamoto Consensus to Thousands of Transactions per Second}, 
    author      = {Chenxing Li and Peilun Li and Dong Zhou and Wei Xu and Fan Long and Andrew Yao},
    year        = {2018},
    url         = {https://arxiv.org/abs/1805.03870}
}

@misc{meshcash,
    author      = {Iddo Bentov and Pavel Hub\'{a}\v{c}ek and Tal Moran and Asaf Nadler},
    title       = {Tortoise and Hares Consensus: the Meshcash Framework for Incentive-Compatible, Scalable Cryptocurrencies},
    year        = {2017},
    url         = {https://eprint.iacr.org/2017/300}
}


@inproceedings{rbft,
    author      = {Aublin, Pierre-Louis and Mokhtar, Sonia Ben and Qu\'{e}ma, Vivien},
    title       = {{RBFT}: Redundant Byzantine Fault Tolerance},
    year        = {2013},
    publisher   = {IEEE},
    doi         = {10.1109/ICDCS.2013.53},
    booktitle   = {Proceedings of the 2013 IEEE 33rd International Conference on Distributed Computing Systems},
    pages       = {297--306}
}

@inproceedings{rapidchain,
    author      = {Zamani, Mahdi and Movahedi, Mahnush and Raykova, Mariana},
    title       = {{RapidChain}: Scaling Blockchain via Full Sharding},
    year        = {2018},
    publisher   = {ACM},
    doi         = {10.1145/3243734.3243853},
    booktitle   = {Proceedings of the 2018 ACM SIGSAC Conference on Computer and Communications Security},
    pages       = {931--948},
}

@inproceedings{zab,
    author = {Junqueira, Flavio P. and Reed, Benjamin C. and Serafini, Marco},
    title = {Zab: High-Performance Broadcast for Primary-Backup Systems},
    year = {2011},
    publisher = {IEEE},
    doi = {10.1109/DSN.2011.5958223},
    booktitle = {Proceedings of the 2011 IEEE/IFIP 41st International Conference on Dependable Systems\&Networks},
    pages = {245--256},
}

@inproceedings{upright,
    author = {Clement, Allen and Kapritsos, Manos and Lee, Sangmin and Wang, Yang and Alvisi, Lorenzo and Dahlin, Mike and Riche, Taylor},
    title = {Upright Cluster Services},
    year = {2009},
    publisher = {ACM},
    doi = {10.1145/1629575.1629602},
    booktitle = {Proceedings of the ACM SIGOPS 22nd Symposium on Operating Systems Principles},
    pages = {277--290}
}

@misc{multichain,
    title   = {{MultiChain} Private Blockchain--White Paper},
    author  = {Gideon Greenspan},
    year    = {2015},
    url     = {https://www.multichain.com/download/MultiChain-White-Paper.pdf}
}

@article{pov,
    author      = {Li, Kejiao and Li, Hui and Wang, Han and An, Huiyao and Lu, Ping and Yi, Peng and Zhu, Fusheng},
    title       = {{PoV}: An Efficient Voting-Based Consensus Algorithm for Consortium Blockchains},
    journal     = {Front. Blockchain},
    volume      = {3},
    numpages    = {11},
    year        = {2020},
    doi         = {10.3389/fbloc.2020.00011}
}


@inproceedings{kauri,
author = {Neiheiser, Ray and Matos, Miguel and Rodrigues, Lu\'{\i}s},
title = {{Kauri: Scalable BFT Consensus with Pipelined Tree-Based Dissemination and Aggregation}},
year = {2021},
publisher = {Association for Computing Machinery},
address = {New York, NY, USA},
doi = {10.1145/3477132.3483584},
booktitle = {Proceedings of the ACM SIGOPS 28th Symposium on Operating Systems Principles},
pages = {35‚Äì48},
location = {Virtual Event, Germany},
series = {SOSP '21}
}




@inproceedings {sanctum,
author = {Victor Costan and Ilia Lebedev and Srinivas Devadas},
title = {{Sanctum: Minimal Hardware Extensions for Strong Software Isolation}},
booktitle = {25th {USENIX} Security Symposium ({USENIX} Security 16)},
year = {2016},
address = {Austin, TX},
pages = {857--874},
publisher = {{USENIX} Association},
month = aug,
}


@inproceedings{keystone,
author = {Lee, Dayeol and Kohlbrenner, David and Shinde, Shweta and Asanovi\'{c}, Krste and Song, Dawn},
title = {{Keystone: An Open Framework for Architecting Trusted Execution Environments}},
year = {2020},
publisher = {Association for Computing Machinery},
address = {New York, NY, USA},
doi = {10.1145/3342195.3387532},
booktitle = {Proceedings of the Fifteenth European Conference on Computer Systems},
articleno = {38},
location = {Heraklion, Greece},
series = {EuroSys '20}
}


@misc{sgx,
    author       = {Victor Costan and
		    Srinivas Devadas},
    title        = {Intel SGX Explained},
    howpublished = {Cryptology ePrint Archive, Report 2016/086},
    year         = {2016},
    note         = {\url{https://ia.cr/2016/086}},
}

@article{deneva,
 author = {Harding, R. and Van Aken, D. and Pavlo, A. and Stonebraker, M.},
 title = {{An Evaluation of Distributed Concurrency Control}},
 journal = {Proc. VLDB Endow.},
 issue_date = {January 2017},
 volume = {10},
 number = {5},
 year = {2017},
 pages = {553--564},
 doi = {10.14778/3055540.3055548},
 publisher = {VLDB Endowment},
}

@book{distdb,
    author      = {{\"O}zsu, M. Tamer and Valduriez, Patrick},
    title       = {Principles of Distributed Database Systems},
    year        = {2020},
    publisher   = {Springer},
    doi         = {10.1007/978-3-030-26253-2}
}


@InProceedings{	  easyc,
  author	= {Gupta, Suyash and Sadoghi, Mohammad},
  title		= {{EasyCommit}: A Non-blocking Two-phase Commit Protocol},
  series	= {EDBT},
  year		= {2018}
}


@book{blockchain-book,
  author    = {Suyash Gupta and
               Jelle Hellings and
               Mohammad Sadoghi},
  title     = {{Fault-Tolerant Distributed Transactions on Blockchain}},
  series    = {Synthesis Lectures on Data Management},
  publisher = {Morgan {\&} Claypool Publishers},
  year      = {2021},
  doi       = {10.2200/S01068ED1V01Y202012DTM065},
}


@article{trusted-pitfalls,
  author    = {Marcus Brandenburger and
               Christian Cachin and
               R{\"{u}}diger Kapitza and
               Alessandro Sorniotti},
  title     = {Blockchain and Trusted Computing: Problems, Pitfalls, and a Solution
               for Hyperledger Fabric},
  journal   = {CoRR},
  volume    = {abs/1805.08541},
  year      = {2018},
  eprinttype = {arXiv},
  eprint    = {1805.08541},
}

@inproceedings{rote,
author = {Matetic, Sinisa and Ahmed, Mansoor and Kostiainen, Kari and Dhar, Aritra and Sommer, David and Gervais, Arthur and Juels, Ari and Capkun, Srdjan},
title = {{ROTE: Rollback Protection for Trusted Execution}},
year = {2017},
isbn = {9781931971409},
publisher = {USENIX Association},
address = {USA},
booktitle = {Proceedings of the 26th USENIX Conference on Security Symposium},
pages = {1289‚Äì1306},
series = {SEC'17}
}

@inproceedings{hybster,
author = {Behl, Johannes and Distler, Tobias and Kapitza, R\"{u}diger},
title = {Hybrids on Steroids: SGX-Based High Performance BFT},
year = {2017},
isbn = {9781450349383},
publisher = {Association for Computing Machinery},
doi = {10.1145/3064176.3064213},
booktitle = {Proceedings of the Twelfth European Conference on Computer Systems},
pages = {222‚Äì237},
series = {EuroSys '17}
}

@INPROCEEDINGS{themis,
  author={Wang, Wenbin and Yang, Chaoshu and Zhang, Runyu and Nie, Shun and Chen, Xianzhang and Liu, Duo},
  booktitle={2020 IEEE 26th International Conference on Parallel and Distributed Systems (ICPADS)}, 
  title={Themis: Malicious Wear Detection and Defense for Persistent Memory File Systems}, 
  year={2020},
  volume={},
  number={},
  pages={140-147},
  doi={10.1109/ICPADS51040.2020.00028}
}

@inproceedings{mem-attacks,
author = {Huber, Manuel and Horsch, Julian and Wessel, Sascha},
title = {Protecting Suspended Devices from Memory Attacks},
year = {2017},
isbn = {9781450349352},
publisher = {Association for Computing Machinery},
address = {New York, NY, USA},
doi = {10.1145/3065913.3065914},
booktitle = {Proceedings of the 10th European Workshop on Systems Security},
articleno = {10},
numpages = {6},
series = {EuroSec'17}
}

@inproceedings{wedgechain,
  author    = {Faisal Nawab},
  title     = {WedgeChain: {A} Trusted Edge-Cloud Store With Asynchronous (Lazy)
               Trust},
  booktitle = {37th {IEEE} International Conference on Data Engineering, {ICDE}},
  pages     = {408--419},
  publisher = {{IEEE}},
  year      = {2021},
  doi       = {10.1109/ICDE51399.2021.00042},
}

@article{resilient-edge,
author = {O'Keeffe, Dan and Salonidis, Theodoros and Pietzuch, Peter},
title = {{Frontier: Resilient Edge Processing for the Internet of Things}},
year = {2018},
issue_date = {June 2018},
publisher = {VLDB Endowment},
volume = {11},
number = {10},
issn = {2150-8097},
doi = {10.14778/3231751.3231767},
journal = {Proc. VLDB Endow.},
month = {jun},
pages = {1178‚Äì1191},
numpages = {14}
}

@inbook{sharper,
author = {Amiri, Mohammad Javad and Agrawal, Divyakant and El Abbadi, Amr},
title = {{SharPer: Sharding Permissioned Blockchains Over Network Clusters}},
year = {2021},
isbn = {9781450383431},
publisher = {Association for Computing Machinery},
booktitle = {Proceedings of the 2021 International Conference on Management of Data},
pages = {76‚Äì88},
}


%%%%% Can remove later
@article{lineagechain,
  author    = {Pingcheng Ruan and
               Tien Tuan Anh Dinh and
               Qian Lin and
               Meihui Zhang and
               Gang Chen and
               Beng Chin Ooi},
  title     = {LineageChain: a fine-grained, secure and efficient data provenance
               system for blockchains},
  journal   = {{VLDB} J.},
  volume    = {30},
  number    = {1},
  pages     = {3--24},
  year      = {2021},
  doi       = {10.1007/s00778-020-00646-1},
}

@inproceedings{blockvsdist,
  author    = {Pingcheng Ruan and
               Tien Tuan Anh Dinh and
               Dumitrel Loghin and
               Meihui Zhang and
               Gang Chen and
               Qian Lin and
               Beng Chin Ooi},
  title     = {Blockchains vs. Distributed Databases: Dichotomy and Fusion},
  booktitle = {{SIGMOD} '21: International Conference on Management of Data, Virtual
               Event, China, June 20-25, 2021},
  pages     = {1504--1517},
  publisher = {{ACM}},
  year      = {2021},
  doi       = {10.1145/3448016.3452789},
}

@inproceedings{forkbase,
  author    = {Qian Lin and
               Kaiyuan Yang and
               Tien Tuan Anh Dinh and
               Qingchao Cai and
               Gang Chen and
               Beng Chin Ooi and
               Pingcheng Ruan and
               Sheng Wang and
               Zhongle Xie and
               Meihui Zhang and
               Olafs Vandans},
  title     = {ForkBase: Immutable, Tamper-evident Storage Substrate for Branchable
               Applications},
  booktitle = {36th {IEEE} International Conference on Data Engineering, {ICDE} 2020,
               Dallas, TX, USA, April 20-24, 2020},
  pages     = {1718--1721},
  publisher = {{IEEE}},
  year      = {2020},
  doi       = {10.1109/ICDE48307.2020.00153},
}

@article{block-provenance,
  author    = {Pingcheng Ruan and
               Gang Chen and
               Anh Dinh and
               Qian Lin and
               Beng Chin Ooi and
               Meihui Zhang},
  title     = {Fine-Grained, Secure and Efficient Data Provenance for Blockchain},
  journal   = {Proc. {VLDB} Endow.},
  volume    = {12},
  number    = {9},
  pages     = {975--988},
  year      = {2019},
  doi       = {10.14778/3329772.3329775},
}

@inproceedings{seemore,
  author    = {Mohammad Javad Amiri and
               Sujaya Maiyya and
               Divyakant Agrawal and
               Amr El Abbadi},
  title     = {SeeMoRe: {A} Fault-Tolerant Protocol for Hybrid Cloud Environments},
  booktitle = {36th {IEEE} International Conference on Data Engineering, {ICDE} 2020,
               Dallas, TX, USA, April 20-24, 2020},
  pages     = {1345--1356},
  publisher = {{IEEE}},
  year      = {2020},
  doi       = {10.1109/ICDE48307.2020.00120},
}

@inproceedings{fides,
  author    = {Sujaya Maiyya and
               Danny Hyun Bum Cho and
               Divyakant Agrawal and
               Amr El Abbadi},
  title     = {Fides: Managing Data on Untrusted Infrastructure},
  booktitle = {40th {IEEE} International Conference on Distributed Computing Systems,
               {ICDCS} 2020, Singapore, November 29 - December 1, 2020},
  pages     = {344--354},
  publisher = {{IEEE}},
  year      = {2020},
  doi       = {10.1109/ICDCS47774.2020.00053},
}

@inproceedings{byz-agreement-comp,
  author    = {Shreya Agrawal and
               Khuzaima Daudjee},
  title     = {{A Performance Comparison of Algorithms for Byzantine Agreement in
               Distributed Systems}},
  booktitle = {12th European Dependable Computing Conference, {EDCC}},
  pages     = {249--260},
  publisher = {{IEEE} Computer Society},
  year      = {2016},
  doi       = {10.1109/EDCC.2016.17},
}

@inproceedings{concealer,
  author    = {Peeyush Gupta and
               Sharad Mehrotra and
               Shantanu Sharma and
               Nalini Venkatasubramanian and
               Guoxi Wang},
  title     = {Concealer: SGX-based Secure, Volume Hiding, and Verifiable Processing
               of Spatial Time-Series Datasets},
  booktitle = {Proceedings of the 24th International Conference on Extending Database
               Technology, {EDBT} 2021, Nicosia, Cyprus, March 23 - 26, 2021},
  pages     = {277--288},
  publisher = {OpenProceedings.org},
  year      = {2021},
  doi       = {10.5441/002/edbt.2021.25},
}

@inproceedings{latte,
  author    = {Sean Tan and
               Sourav S. Bhowmick and
               Huey{-}Eng Chua and
               Xiaokui Xiao},
  title     = {{LATTE:} Visual Construction of Smart Contracts},
  booktitle = {Proceedings of the 2020 International Conference on Management of
               Data, {SIGMOD} Conference 2020, online conference [Portland, OR, USA],
               June 14-19, 2020},
  pages     = {2713--2716},
  publisher = {{ACM}},
  year      = {2020},
  doi       = {10.1145/3318464.3384687},
}

@inproceedings{temporal-ethereum,
  author    = {Lin Zhao and
               Sourav Sen Gupta and
               Arijit Khan and
               Robby Luo},
  title     = {Temporal Analysis of the Entire Ethereum Blockchain Network},
  booktitle = {{WWW} '21: The Web Conference 2021, Virtual Event / Ljubljana, Slovenia,
               April 19-23, 2021},
  pages     = {2258--2269},
  publisher = {{ACM} / {IW3C2}},
  year      = {2021},
  doi       = {10.1145/3442381.3449916},
}

@INPROCEEDINGS{gem2tree,
  author={Zhang, Ce and Xu, Cheng and Xu, Jianliang and Tang, Yuzhe and Choi, Byron},
  booktitle={2019 IEEE 35th International Conference on Data Engineering (ICDE)}, 
  title={GEM{$^2$}-Tree: A Gas-Efficient Structure for Authenticated Range Queries in Blockchain}, 
  year={2019},
  pages={842-853},
  doi={10.1109/ICDE.2019.00080}
}


@inproceedings{txn-confirm-bitcoin,
  author    = {Limeng Zhang and
               Rui Zhou and
               Qing Liu and
               Jiajie Xu and
               Chengfei Liu},
  title     = {Transaction Confirmation Time Estimation in the Bitcoin Blockchain},
  booktitle = {Web Information Systems Engineering - {WISE} 2021 - 22nd International
               Conference on Web Information Systems Engineering, {WISE} 2021, Melbourne,
               VIC, Australia, October 26-29, 2021, Proceedings, Part {I}},
  series    = {Lecture Notes in Computer Science},
  volume    = {13080},
  pages     = {30--45},
  publisher = {Springer},
  year      = {2021},
  doi       = {10.1007/978-3-030-90888-1\_3},
}

@inproceedings{block-dist-mgmt,
  author    = {Furqan Baig and
               Fusheng Wang},
  title     = {Blockchain Enabled Distributed Data Management - {A} Vision},
  booktitle = {35th {IEEE} International Conference on Data Engineering Workshops,
               {ICDE} Workshops 2019, Macao, China, April 8-12, 2019},
  pages     = {28--30},
  publisher = {{IEEE}},
  year      = {2019},
  doi       = {10.1109/ICDEW.2019.00-39},
}

@article{slimchain,
  author    = {Cheng Xu and
               Ce Zhang and
               Jianliang Xu and
               Jian Pei},
  title     = {SlimChain: Scaling Blockchain Transactions through Off-Chain Storage
               and Parallel Processing},
  journal   = {Proc. {VLDB} Endow.},
  volume    = {14},
  number    = {11},
  pages     = {2314--2326},
  year      = {2021},
}

@article{blockchain-gene,
  author    = {Tsung{-}Ting Kuo and
               Tyler Bath and
               Shuaicheng Ma and
               Nicholas Pattengale and
               Meng Yang and
               Yang Cao and
               Corey M. Hudson and
               Jihoon Kim and
               Kai Post and
               Li Xiong and
               Lucila Ohno{-}Machado},
  title     = {Benchmarking blockchain-based gene-drug interaction data sharing methods:
               {A} case study from the iDASH 2019 secure genome analysis competition
               blockchain track},
  journal   = {Int. J. Medical Informatics},
  volume    = {154},
  pages     = {104559},
  year      = {2021},
  doi       = {10.1016/j.ijmedinf.2021.104559},
}

@inproceedings{iot-data-trading,
  author    = {Shaimaa Bajoudah and
               Changyu Dong and
               Paolo Missier},
  title     = {Toward a Decentralized, Trust-Less Marketplace for Brokered IoT Data
               Trading Using Blockchain},
  booktitle = {{IEEE} International Conference on Blockchain, Blockchain 2019, Atlanta,
               GA, USA, July 14-17, 2019},
  pages     = {339--346},
  publisher = {{IEEE}},
  year      = {2019},
  doi       = {10.1109/Blockchain.2019.00053},
}

@inproceedings{teechain,
  author    = {Joshua Lind and
               Oded Naor and
               Ittay Eyal and
               Florian Kelbert and
               Emin G{\"{u}}n Sirer and
               Peter R. Pietzuch},
  title     = {Teechain: a secure payment network with asynchronous blockchain access},
  booktitle = {Proceedings of the 27th {ACM} Symposium on Operating Systems Principles,
               {SOSP} 2019, Huntsville, ON, Canada, October 27-30, 2019},
  pages     = {63--79},
  publisher = {{ACM}},
  year      = {2019},
  doi       = {10.1145/3341301.3359627},
}


@article{sgxlkl,
  author    = {Christian Priebe and
               Divya Muthukumaran and
               Joshua Lind and
               Huanzhou Zhu and
               Shujie Cui and
               Vasily A. Sartakov and
               Peter R. Pietzuch},
  title     = {{SGX-LKL:} Securing the Host {OS} Interface for Trusted Execution},
  journal   = {CoRR},
  volume    = {abs/1908.11143},
  year      = {2019},
  eprinttype = {arXiv},
  eprint    = {1908.11143},
}


@inproceedings{spons-shields,
  author    = {Vasily A. Sartakov and
               Daniel O'Keeffe and
               David M. Eyers and
               Llu{\'{\i}}s Vilanova and
               Peter R. Pietzuch},
  title     = {Spons {\&} Shields: practical isolation for trusted execution},
  booktitle = {{VEE} '21: 17th {ACM} {SIGPLAN/SIGOPS} International Conference on
               Virtual Execution Environments, Virtual USA, April 16, 2021},
  pages     = {186--200},
  publisher = {{ACM}},
  year      = {2021},
  doi       = {10.1145/3453933.3454024},
}


@inproceedings{rktio,
  author    = {J{\"{o}}rg Thalheim and
               Harshavardhan Unnibhavi and
               Christian Priebe and
               Pramod Bhatotia and
               Peter R. Pietzuch},
  title     = {rkt-io: a direct {I/O} stack for shielded execution},
  booktitle = {EuroSys '21: Sixteenth European Conference on Computer Systems, Online
               Event, United Kingdom, April 26-28, 2021},
  pages     = {490--506},
  publisher = {{ACM}},
  year      = {2021},
  doi       = {10.1145/3447786.3456255},
}

@ARTICLE{least-privilege,
  author={Saltzer, J.H. and Schroeder, M.D.},
  journal={Proceedings of the IEEE}, 
  title={The protection of information in computer systems}, 
  year={1975},
  volume={63},
  number={9},
  pages={1278-1308},
  doi={10.1109/PROC.1975.9939}
}

@inproceedings{glamdring,
  author    = {Joshua Lind and
               Christian Priebe and
               Divya Muthukumaran and
               Dan O'Keeffe and
               Pierre{-}Louis Aublin and
               Florian Kelbert and
               Tobias Reiher and
               David Goltzsche and
               David M. Eyers and
               R{\"{u}}diger Kapitza and
               Christof Fetzer and
               Peter R. Pietzuch},
  title     = {Glamdring: Automatic Application Partitioning for Intel {SGX}},
  booktitle = {2017 {USENIX} Annual Technical Conference, {USENIX} {ATC} 2017, Santa
               Clara, CA, USA, July 12-14, 2017},
  pages     = {285--298},
  publisher = {{USENIX} Association},
  year      = {2017},
}

@InProceedings{bug-code-size,
author="Misra, Subhas C.
and Bhavsar, Virendra C.",
title="Relationships Between Selected Software Measures and Latent Bug-Density: Guidelines for Improving Quality",
booktitle="Computational Science and Its Applications --- ICCSA 2003",
year="2003",
publisher="Springer Berlin Heidelberg",
address="Berlin, Heidelberg",
pages="724--732",
isbn="978-3-540-44839-6"
}


@inproceedings{asyncshock,
  author    = {Nico Weichbrodt and
               Anil Kurmus and
               Peter R. Pietzuch and
               R{\"{u}}diger Kapitza},
  title     = {AsyncShock: Exploiting Synchronisation Bugs in Intel {SGX} Enclaves},
  booktitle = {Computer Security - {ESORICS} 2016 - 21st European Symposium on Research
               in Computer Security, Heraklion, Greece, September 26-30, 2016, Proceedings,
               Part {I}},
  series    = {Lecture Notes in Computer Science},
  volume    = {9878},
  pages     = {440--457},
  publisher = {Springer},
  year      = {2016},
  doi       = {10.1007/978-3-319-45744-4\_22},
}

@inproceedings{scone,
  author    = {Sergei Arnautov and
               Bohdan Trach and
               Franz Gregor and
               Thomas Knauth and
               Andr{\'{e}} Martin and
               Christian Priebe and
               Joshua Lind and
               Divya Muthukumaran and
               Dan O'Keeffe and
               Mark Stillwell and
               David Goltzsche and
               David M. Eyers and
               R{\"{u}}diger Kapitza and
               Peter R. Pietzuch and
               Christof Fetzer},
  title     = {{SCONE:} Secure Linux Containers with Intel {SGX}},
  booktitle = {12th {USENIX} Symposium on Operating Systems Design and Implementation,
               {OSDI} 2016, Savannah, GA, USA, November 2-4, 2016},
  pages     = {689--703},
  publisher = {{USENIX} Association},
  year      = {2016},
}

@inproceedings{smashex,
author = {Cui, Jinhua and Yu, Jason Zhijingcheng and Shinde, Shweta and Saxena, Prateek and Cai, Zhiping},
title = {SmashEx: Smashing SGX Enclaves Using Exceptions},
year = {2021},
isbn = {9781450384544},
publisher = {Association for Computing Machinery},
address = {New York, NY, USA},
doi = {10.1145/3460120.3484821},
booktitle = {Proceedings of the 2021 ACM SIGSAC Conference on Computer and Communications Security},
pages = {779‚Äì793},
series = {CCS '21}
}


@article{curse-blockchain,
  author    = {Shumo Chu and
               Sophia Wang},
  title     = {The Curses of Blockchain Decentralization},
  journal   = {CoRR},
  volume    = {abs/1810.02937},
  year      = {2018},
  eprinttype = {arXiv},
  eprint    = {1810.02937},
}

@article{manta,
  author    = {Shumo Chu and
               Qiudong Xia and
               Zhenfei Zhang},
  title     = {Manta: Privacy Preserving Decentralized Exchange},
  journal   = {{IACR} Cryptol. ePrint Arch.},
  pages     = {1607},
  year      = {2020},
}

@article{fastfabric,
  author    = {Christian Gorenflo and
               Stephen Lee and
               Lukasz Golab and
               Srinivasan Keshav},
  title     = {FastFabric: Scaling hyperledger fabric to 20 000 transactions per
               second},
  journal   = {Int. J. Netw. Manag.},
  volume    = {30},
  number    = {5},
  year      = {2020},
  doi       = {10.1002/nem.2099},
}

@article{atomic-commit-blockchain,
  author    = {Victor Zakhary and
               Divy Agrawal and
               Amr El Abbadi},
  title     = {Atomic Commitment Across Blockchains},
  journal   = {Proc. {VLDB} Endow.},
  volume    = {13},
  number    = {9},
  pages     = {1319--1331},
  year      = {2020},
  doi       = {10.14778/3397230.3397231},
}

@article{tpm-ses,
  author    = {Di Lu and
               Ruidong Han and
               Yue Wang and
               Yongzhi Wang and
               Xuewen Dong and
               Xindi Ma and
               Teng Li and
               Jianfeng Ma},
  title     = {A secured {TPM} integration scheme towards smart embedded system based
               collaboration network},
  journal   = {Comput. Secur.},
  volume    = {97},
  pages     = {101922},
  year      = {2020},
  doi       = {10.1016/j.cose.2020.101922},
}

@inproceedings{block-access,
  author    = {Yibin Dong and
               Seong Ki Mun and
               Yue Wang},
  title     = {Blockchain-Enabled Next Generation Access Control},
  booktitle = {Blockchain and Applications - 3rd International Congress, {BLOCKCHAIN}
               2021, Salamanca, Spain, 6-8 October, 2021},
  series    = {Lecture Notes in Networks and Systems},
  volume    = {320},
  pages     = {319--328},
  publisher = {Springer},
  year      = {2021},
  doi       = {10.1007/978-3-030-86162-9\_32},
}

@inproceedings{experimental-bft-improv,
  author    = {Man{-}Kit Sit and
               Manuel Bravo and
               Zsolt Istv{\'{a}}n},
  title     = {An experimental framework for improving the performance of {BFT} consensus
               for future permissioned blockchains},
  booktitle = {{DEBS} '21: The 15th {ACM} International Conference on Distributed
               and Event-based Systems, Virtual Event, Italy, June 28 - July 2, 2021},
  pages     = {55--65},
  publisher = {{ACM}},
  year      = {2021},
  doi       = {10.1145/3465480.3466922},
}


@InProceedings{sybil-attack,
author="Douceur, John R.",
editor="Druschel, Peter
and Kaashoek, Frans
and Rowstron, Antony",
title="The Sybil Attack",
booktitle="Peer-to-Peer Systems",
year="2002",
publisher="Springer Berlin Heidelberg",
address="Berlin, Heidelberg",
pages="251--260",
isbn="978-3-540-45748-0"
}

@inproceedings{byz-cluster-sending,
  author    = {Jelle Hellings and
               Mohammad Sadoghi},
  editor    = {Jukka Suomela},
  title     = {Brief Announcement: The Fault-Tolerant Cluster-Sending Problem},
  booktitle = {33rd International Symposium on Distributed Computing, {DISC} 2019},
  series    = {LIPIcs},
  volume    = {146},
  pages     = {45:1--45:3},
  year      = {2019},
}

@misc{pooled-mining,
  author    = {Meni Rosenfeld},
  title     = {Analysis of {Bitcoin} Pooled Mining Reward Systems},
  year      = {2011},
  url       = {https://arxiv.org/abs/1112.4980}
}

@inproceedings{ringbft,
  author    = {Sajjad Rahnama and
               Suyash Gupta and
               Rohan Sogani and
               Dhruv Krishnan and
               Mohammad Sadoghi},
  title     = {{RingBFT: Resilient Consensus over Sharded Ring Topology}},
  booktitle = {Proceedings of the 25th International Conference on Extending Database
               Technology},
  pages     = {2:298--2:311},
  publisher = {OpenProceedings.org},
  year      = {2022},
  doi       = {10.48786/edbt.2022.17},
}

@article{flexitrust,
  author    = {Suyash Gupta and
               Sajjad Rahnama and
               Shubham Pandey and
               Natacha Crooks and
               Mohammad Sadoghi},
  title     = {Dissecting {BFT} Consensus: In Trusted Components we Trust!},
  journal   = {CoRR},
  volume    = {abs/2202.01354},
  year      = {2022},
  url       = {https://arxiv.org/abs/2202.01354},
  eprinttype = {arXiv},
  eprint    = {2202.01354},
}

@article{demand-response-games,
  author    = {Min Zhang and
               Frank Eliassen and
               Amir Taherkordi and
               Hans{-}Arno Jacobsen and
               Hwei{-}Ming Chung and
               Yan Zhang},
  title     = {Demand-Response Games for Peer-to-Peer Energy Trading With the Hyperledger
               Blockchain},
  journal   = {{IEEE} Trans. Syst. Man Cybern. Syst.},
  volume    = {52},
  number    = {1},
  pages     = {19--31},
  year      = {2022},
  doi       = {10.1109/TSMC.2021.3111135},
}

@article{bft-review,
  author    = {Gengrui Zhang and
               Fei Pan and
               Michael Dang'ana and
               Yunhao Mao and
               Shashank Motepalli and
               Shiquan Zhang and
               Hans{-}Arno Jacobsen},
  title     = {Reaching Consensus in the Byzantine Empire: {A} Comprehensive Review
               of {BFT} Consensus Algorithms},
  journal   = {CoRR},
  volume    = {abs/2204.03181},
  year      = {2022},
  doi       = {10.48550/arXiv.2204.03181},
  eprinttype = {arXiv},
  eprint    = {2204.03181},
}

@article{bedrock,
  author    = {Mohammad Javad Amiri and
               Chenyuan Wu and
               Divyakant Agrawal and
               Amr El Abbadi and
               Boon Thau Loo and
               Mohammad Sadoghi},
  title     = {The Bedrock of {BFT:} {A} Unified Platform for {BFT} Protocol Design
               and Implementation},
  journal   = {CoRR},
  volume    = {abs/2205.04534},
  year      = {2022},
  doi       = {10.48550/arXiv.2205.04534},
  eprinttype = {arXiv},
  eprint    = {2205.04534},
}

@inproceedings{basil,
author = {Suri-Payer, Florian and Burke, Matthew and Wang, Zheng and Zhang, Yunhao and Alvisi, Lorenzo and Crooks, Natacha},
title = {Basil: Breaking up BFT with ACID (Transactions)},
year = {2021},
publisher = {Association for Computing Machinery},
doi = {10.1145/3477132.3483552},
booktitle = {Proceedings of the ACM SIGOPS 28th Symposium on Operating Systems Principles},
pages = {1‚Äì17},
series = {SOSP '21}
}

@inproceedings{mirbft,
  author    = {Chrysoula Stathakopoulou and
               Matej Pavlovic and
               Marko Vukolic},
  editor    = {Y{\'{e}}rom{-}David Bromberg and
               Anne{-}Marie Kermarrec and
               Christos Kozyrakis},
  title     = {State machine replication scalability made simple},
  booktitle = {EuroSys '22: Seventeenth European Conference on Computer Systems},
  pages     = {17--33},
  publisher = {{ACM}},
  year      = {2022},
}

@article{fireledger,
author = {Buchnik, Yehonatan and Friedman, Roy},
title = {FireLedger: A High Throughput Blockchain Consensus Protocol},
year = {2020},
issue_date = {May 2020},
publisher = {VLDB Endowment},
volume = {13},
number = {9},
issn = {2150-8097},
doi = {10.14778/3397230.3397246},
journal = {Proc. VLDB Endow.},
pages = {1525‚Äì1539},
}

@inproceedings{xoxfabric,
  author    = {Christian Gorenflo and
               Lukasz Golab and
               Srinivasan Keshav},
  title     = {{XOX} Fabric: {A} hybrid approach to blockchain transaction execution},
  booktitle = {{IEEE} International Conference on Blockchain and Cryptocurrency,
               {ICBC} 2020, Toronto, ON, Canada, May 2-6, 2020},
  pages     = {1--9},
  publisher = {{IEEE}},
  year      = {2020},
  doi       = {10.1109/ICBC48266.2020.9169478},
}

@inproceedings{red-belly,
  author    = {Tyler Crain and
               Christopher Natoli and
               Vincent Gramoli},
  title     = {Red Belly: {A} Secure, Fair and Scalable Open Blockchain},
  booktitle = {42nd {IEEE} Symposium on Security and Privacy},
  pages     = {466--483},
  publisher = {{IEEE}},
  year      = {2021},
  doi       = {10.1109/SP40001.2021.00087},
}

@INPROCEEDINGS{scalable-ledger,
  author={Zhang, Kaiwen and Jacobsen, Hans-Arno},
  booktitle={2018 IEEE 38th International Conference on Distributed Computing Systems (ICDCS)}, 
  title={Towards Dependable, Scalable, and Pervasive Distributed Ledgers with Blockchains}, 
  year={2018},
  volume={},
  number={},
  pages={1337-1346},
  doi={10.1109/ICDCS.2018.00134}
}
