@article{DBLP:journals/tkde/ChittilappillyC16,
  author    = {Anand Inasu Chittilappilly and
               Lei Chen and
               Sihem Amer{-}Yahia},
  title     = {A Survey of General-Purpose Crowdsourcing Techniques},
  journal   = {{IEEE} TKDE},
  volume    = {28},
  number    = {9},
  pages     = {2246--2266},
  year      = {2016}
}

@inproceedings{DBLP:conf/cvpr/DengDSLL009,
  author    = {Jia Deng and
               Wei Dong and
               Richard Socher and
               others},
  title     = {ImageNet: {A} large-scale hierarchical image database},
  booktitle = {CVPR},
  pages     = {248--255},
  year      = {2009}
}

@article{DBLP:journals/tist/YangLCT19,
  author    = {Qiang Yang and
               Yang Liu and
               Tianjian Chen and
               Yongxin Tong},
  title     = {Federated Machine Learning: Concept and Applications},
  journal   = {{ACM} TIST},
  volume    = {10},
  number    = {2},
  pages     = {12:1--12:19},
  year      = {2019}
}

@article{DBLP:journals/tifs/PhongAHWM18,
  author    = {Le Trieu Phong and
               Yoshinori Aono and
               Takuya Hayashi and others},
  title     = {Privacy-Preserving Deep Learning via Additively Homomorphic Encryption},
  journal   = {{IEEE} TIFS},
  volume    = {13},
  number    = {5},
  pages     = {1333--1345},
  year      = {2018},
}

@inproceedings{DBLP:conf/sp/NasrSH19,
  author    = {Milad Nasr and
               Reza Shokri and
               Amir Houmansadr},
  title     = {Comprehensive Privacy Analysis of Deep Learning: Passive and Active
               White-box Inference Attacks against Centralized and Federated Learning},
  booktitle = {{IEEE} S&P}
               CA, USA, May 19-23, 2019},
  pages     = {739--753},
  year      = {2019},
}

@inproceedings{DBLP:conf/icalp/Dwork06,
  author    = {Cynthia Dwork},
  title     = {Differential Privacy},
  booktitle = {ICALP},
  pages     = {1--12},
  year      = {2006},
}

@inproceedings{DBLP:conf/ccs/AbadiCGMMT016,
  author    = {Mart{\'{\i}}n Abadi and
               Andy Chu and
               Ian J. Goodfellow and
               others},
  title     = {Deep Learning with Differential Privacy},
  booktitle = {CCS},
  pages     = {308--318},
  year      = {2016},
  crossref  = {DBLP:conf/ccs/2016},
}

@inproceedings{DBLP:conf/soda/ErlingssonFMRTT19,
  author    = {{\'{U}}lfar Erlingsson and
               Vitaly Feldman and
               Ilya Mironov and
               others},
  title     = {Amplification by Shuffling: From Local to Central Differential Privacy
               via Anonymity},
  booktitle = {SODA},
  pages     = {2468--2479},
  year      = {2019},
  crossref  = {DBLP:conf/soda/2019},
}

@article{DBLP:journals/tifs/HuangHGCG20,
  author    = {Zonghao Huang and
               Rui Hu and
               Yuanxiong Guo and
               others},
  title     = {{DP-ADMM:} ADMM-Based Distributed Learning With Differential Privacy},
  journal   = {{IEEE} TIFS},
  volume    = {15},
  pages     = {1002--1012},
  year      = {2020},
}

@inproceedings{DBLP:conf/ccs/BonawitzIKMMPRS17,
  author    = {Keith Bonawitz and
               Vladimir Ivanov and
               Ben Kreuter and
               others},
  title     = {Practical Secure Aggregation for Privacy-Preserving Machine Learning},
  booktitle = {CCS},
  pages     = {1175--1191},
  year      = {2017},
  crossref  = {DBLP:conf/ccs/2017},
}

@article{DBLP:journals/tifs/ErkinVTL12,
  author    = {Zekeriya Erkin and
               Thijs Veugen and
               Tomas Toft and
               others},
  title     = {Generating Private Recommendations Efficiently Using Homomorphic Encryption
               and Data Packing},
  journal   = {{IEEE} TIFS},
  volume    = {7},
  number    = {3},
  pages     = {1053--1066},
  year      = {2012},
}

@inproceedings{DBLP:conf/sp/NikolaenkoWIJBT13,
  author    = {Valeria Nikolaenko and
               Udi Weinsberg and
               Stratis Ioannidis and
               others},
  title     = {Privacy-Preserving Ridge Regression on Hundreds of Millions of Records},
  booktitle = {{IEEE} S&P},
  pages     = {334--348},
  year      = {2013},
  crossref  = {DBLP:conf/sp/2013},
}

@inproceedings{DBLP:conf/uss/OhrimenkoSFMNVC16,
  author    = {Olga Ohrimenko and
               Felix Schuster and
               C{\'{e}}dric Fournet and
               others},
  title     = {Oblivious Multi-Party Machine Learning on Trusted Processors},
  booktitle = {USS},
  pages     = {619--636},
  year      = {2016},
  crossref  = {DBLP:conf/uss/2016},
}

@inproceedings{DBLP:conf/nips/BlanchardMGS17,
  author    = {Peva Blanchard and
               El Mahdi El Mhamdi and
               Rachid Guerraoui and
               others},
  title     = {Machine Learning with Adversaries: Byzantine Tolerant Gradient Descent},
  booktitle = {NIPS},
  pages     = {119--129},
  year      = {2017},
  crossref  = {DBLP:conf/nips/2017},
}

@inproceedings{DBLP:conf/nips/AlistarhA018,
  author    = {Dan Alistarh and
               Zeyuan Allen{-}Zhu and
               Jerry Li},
  title     = {Byzantine Stochastic Gradient Descent},
  booktitle = {NIPS},
  pages     = {4618--4628},
  year      = {2018},
  crossref  = {DBLP:conf/nips/2018},
}

@inproceedings{DBLP:conf/icml/BiggioNL12,
  author    = {Battista Biggio and
               Blaine Nelson and
               Pavel Laskov},
  title     = {Poisoning Attacks against Support Vector Machines},
  booktitle = {ICML},
  year      = {2012},
  crossref  = {DBLP:conf/icml/2012},
}

@inproceedings{DBLP:conf/iclr/XieHCL20,
  author    = {Chulin Xie and
               Keli Huang and
               Pin{-}Yu Chen and
               others},
  title     = {{DBA:} Distributed Backdoor Attacks against Federated Learning},
  booktitle = {ICLR},
  year      = {2020},
  crossref  = {DBLP:conf/iclr/2020},
}

@inproceedings{DBLP:conf/aistats/BagdasaryanVHES20,
  author    = {Eugene Bagdasaryan and
               Andreas Veit and
               Yiqing Hua and
               others},
  title     = {How To Backdoor Federated Learning},
  booktitle = {AISTATS},
  pages     = {2938--2948},
  year      = {2020},
  crossref  = {DBLP:conf/aistats/2020},
}

@inproceedings{DBLP:conf/icml/BhagojiCMC19,
  author    = {Arjun Nitin Bhagoji and
               Supriyo Chakraborty and
               Prateek Mittal and
               others},
  title     = {Analyzing Federated Learning through an Adversarial Lens},
  booktitle = {ICML},
  pages     = {634--643},
  year      = {2019},
  crossref  = {DBLP:conf/icml/2019},
}

@inproceedings{DBLP:conf/nips/SteinhardtKL17,
  author    = {Jacob Steinhardt and
               Pang Wei Koh and
               Percy Liang},
  title     = {Certified Defenses for Data Poisoning Attacks},
  booktitle = {NIPS},
  pages     = {3517--3529},
  year      = {2017},
  crossref  = {DBLP:conf/nips/2017},
}

@inproceedings{DBLP:conf/raid/0017DG18,
  author    = {Kang Liu and
               Brendan Dolan{-}Gavitt and
               Siddharth Garg},
  title     = {Fine-Pruning: Defending Against Backdooring Attacks on Deep Neural
               Networks},
  booktitle = {RAID},
  pages     = {273--294},
  year      = {2018},
  crossref  = {DBLP:conf/raid/2018},
}

@inproceedings{DBLP:conf/nips/Tran0M18,
  author    = {Brandon Tran and
               Jerry Li and
               Aleksander Madry},
  title     = {Spectral Signatures in Backdoor Attacks},
  booktitle = {NIPS},
  pages     = {8011--8021},
  year      = {2018},
  crossref  = {DBLP:conf/nips/2018},
}

@inproceedings{DBLP:conf/uss/TramerZJRR16,
  author    = {Florian Tram{\`{e}}r and
               Fan Zhang and
               Ari Juels and
               others},
  title     = {Stealing Machine Learning Models via Prediction APIs},
  booktitle = {USS},
  pages     = {601--618},
  year      = {2016},
  crossref  = {DBLP:conf/uss/2016},
}

@inproceedings{DBLP:conf/eurosp/JuutiSMA19,
  author    = {Mika Juuti and
               Sebastian Szyller and
               Samuel Marchal and
               others},
  title     = {{PRADA:} Protecting Against {DNN} Model Stealing Attacks},
  booktitle = {{IEEE} EuroSP},
  pages     = {512--527},
  year      = {2019},
  crossref  = {DBLP:conf/eurosp/2019},
}

@inproceedings{DBLP:conf/sigmod/ParkW14,
  author    = {Hyunjung Park and
               Jennifer Widom},
  title     = {CrowdFill: collecting structured data from the crowd},
  booktitle = {SIGMOD},
  pages     = {577--588},
  year      = {2014},
  crossref  = {DBLP:conf/sigmod/2014},
}

@article{DBLP:journals/pvldb/GaoP14,
  author    = {Yihan Gao and
               Aditya G. Parameswaran},
  title     = {Finish Them!: Pricing Algorithms for Human Computation},
  journal   = {PVLDB},
  volume    = {7},
  number    = {14},
  pages     = {1965--1976},
  year      = {2014},
}

@article{DBLP:journals/vldb/TongZZCS20,
  author    = {Yongxin Tong and
               Zimu Zhou and
               Yuxiang Zeng and
               others},
  title     = {Spatial crowdsourcing: a survey},
  journal   = {{VLDB}},
  volume    = {29},
  number    = {1},
  pages     = {217--250},
  year      = {2020},
}

@article{DBLP:journals/pvldb/FernandezSF20,
  author    = {Raul Castro Fernandez and
               Pranav Subramaniam and
               Michael Franklin},
  title     = {Data Market Platforms: Trading Data Assets to Solve Data Problems},
  journal   = {PVLDB},
  volume    = {13},
  number    = {11},
  pages     = {1933--1947},
  year      = {2020},
}

@article{DBLP:journals/twc/PandeyTBTMH20,
  author    = {Shashi Raj Pandey and
               Nguyen H. Tran and
               Mehdi Bennis and
               others},
  title     = {A Crowdsourcing Framework for On-Device Federated Learning},
  journal   = {{IEEE} TWC},
  volume    = {19},
  number    = {5},
  pages     = {3241--3256},
  year      = {2020},
}

@article{DBLP:journals/corr/abs-1908-03092,
  author    = {Yunus Sarikaya and
               {\"{O}}zg{\"{u}}r Er{\c{c}}etin},
  title     = {Motivating Workers in Federated Learning: {A} Stackelberg Game Perspective},
  journal   = {CoRR},
  volume    = {abs/1908.03092},
  year      = {2019},
}

@article{DBLP:journals/corr/abs-1911-05642,
  author    = {Latif U. Khan and
               Nguyen H. Tran and
               Shashi Raj Pandey and
               others},
  title     = {Federated Learning for Edge Networks: Resource Optimization and Incentive
               Mechanism},
  journal   = {CoRR},
  volume    = {abs/1911.05642},
  year      = {2019},
}

@article{DBLP:journals/corr/abs-2001-08996,
  author    = {Mengjing Chen and
               Yang Liu and
               Weiran Shen and
               others},
  title     = {Mechanism Design for Multi-Party Machine Learning},
  journal   = {CoRR},
  volume    = {abs/2001.08996},
  year      = {2020},
}

@article{DBLP:journals/iotj/KangXNXZ19,
  author    = {Jiawen Kang and
               Zehui Xiong and
               others},
  title     = {Incentive Mechanism for Reliable Federated Learning: {A} Joint Optimization
               Approach to Combining Reputation and Contract Theory},
  journal   = {{IEEE} IoTJ},
  volume    = {6},
  number    = {6},
  pages     = {10700--10714},
  year      = {2019},
}

@article{DBLP:journals/iacr/WengWLZL18,
  author    = {Jia{-}Si Weng and
               Jian Weng and
               Ming Li and
               others},
  title     = {DeepChain: Auditable and Privacy-Preserving Deep Learning with Blockchain-based
               Incentive},
  journal   = {IACR},
  volume    = {2018},
  pages     = {679},
  year      = {2018},
}

@article{shapley1953value,
  title={A value for n-person games},
  author={Shapley, Lloyd S},
  journal={Contributions to the Theory of Games},
  volume={2},
  number={28},
  pages={307--317},
  year={1953}
}

@inproceedings{DBLP:conf/bigdataconf/SongTW19,
  author    = {Tianshu Song and
               Yongxin Tong and
               Shuyue Wei},
  title     = {Profit Allocation for Federated Learning},
  booktitle = {BigData},
  pages     = {2577--2586},
  year      = {2019},
  crossref  = {DBLP:conf/bigdataconf/2019},
}

@article{DBLP:journals/corr/KonecnyMR15,
	author    = {Jakub Konecn{\'{y}} and
	Brendan McMahan and
	Daniel Ramage},
	title     = {Federated Optimization: Distributed Optimization Beyond the Datacenter},
	journal   = {CoRR},
	volume    = {abs/1511.03575},
	year      = {2015},
}

@article{DBLP:journals/corr/KonecnyMYRSB16,
	author    = {Jakub Konecn{\'{y}} and
	H. Brendan McMahan and
	Felix X. Yu and
	others},
	title     = {Federated Learning: Strategies for Improving Communication Efficiency},
	journal   = {CoRR},
	volume    = {abs/1610.05492},
	year      = {2016},
}

@inproceedings{DBLP:conf/aistats/McMahanMRHA17,
	author    = {Brendan McMahan and
	Eider Moore and
	Daniel Ramage and
	others},
	title     = {Communication-Efficient Learning of Deep Networks from Decentralized
	Data},
	booktitle = {AISTATS},
	volume    = {54},
	pages     = {1273--1282},
	year      = {2017},
}

@inproceedings{DBLP:conf/icc/NishioY19,
	author    = {Takayuki Nishio and
	Ryo Yonetani},
	title     = {Client Selection for Federated Learning with Heterogeneous Resources
	in Mobile Edge},
	booktitle = {IEEE ICC},
	pages     = {1--7},
	year      = {2019},
}

@article{DBLP:journals/network/WangHWZCC19,
	author    = {Xiaofei Wang and
	Yiwen Han and
	Chenyang Wang and
	others},
	title     = {In-Edge {AI:} Intelligentizing Mobile Edge Computing, Caching and
	Communication by Federated Learning},
	journal   = {{IEEE} Network},
	volume    = {33},
	number    = {5},
	pages     = {156--165},
	year      = {2019},
}

@inproceedings{DBLP:conf/infocom/WangKNL20,
	author    = {Hao Wang and
	Zakhary Kaplan and
	Di Niu and
	others},
	title     = {Optimizing Federated Learning on Non-IID Data with Reinforcement Learning},
	booktitle = {IEEE INFOCOM},
	pages     = {1698--1707},
	year      = {2020},
}

@inproceedings{DBLP:conf/nips/JaggiSTTKHJ14,
	author    = {Martin Jaggi and
	Virginia Smith and
	Martin Tak{\'{a}}c and
	others},
	title     = {Communication-Efficient Distributed Dual Coordinate Ascent},
	booktitle = {NIPS},
	pages     = {3068--3076},
	year      = {2014},
}

@inproceedings{DBLP:conf/icml/MaSJJRT15,
	author    = {Chenxin Ma and
	Virginia Smith and
	Martin Jaggi and
	others},
	title     = {Adding vs. Averaging in Distributed Primal-Dual Optimization},
	booktitle = {ICML},
	series    = {{JMLR} Workshop and Conference Proceedings},
	volume    = {37},
	pages     = {1973--1982},
	year      = {2015},
}

@article{DBLP:journals/jmlr/SmithFMTJJ17,
	author    = {Virginia Smith and
	Simone Forte and
	Chenxin Ma and
	others},
	title     = {CoCoA: {A} General Framework for Communication-Efficient Distributed
	Optimization},
	journal   = {JMLR},
	volume    = {18},
	pages     = {230:1--230:49},
	year      = {2017},
}

@article{DBLP:journals/corr/abs-2003-00295,
	author    = {Sashank J. Reddi and
	Zachary Charles and
	Manzil Zaheer and
	others},
	title     = {Adaptive Federated Optimization},
	journal   = {CoRR},
	volume    = {abs/2003.00295},
	year      = {2020},
}

@article{DBLP:journals/ftml/BoydPCPE11,
	author    = {Stephen P. Boyd and
	Neal Parikh and
	Eric Chu and
	others},
	title     = {Distributed Optimization and Statistical Learning via the Alternating
	Direction Method of Multipliers},
	journal   = {FTML},
	volume    = {3},
	number    = {1},
	pages     = {1--122},
	year      = {2011},
}

@article{DBLP:journals/corr/abs-1905-06641,
	author    = {Lumin Liu and
	Jun Zhang and
	S. H. Song and
	others},
	title     = {Edge-Assisted Hierarchical Federated Learning with Non-IID Data},
	journal   = {CoRR},
	volume    = {abs/1905.06641},
	year      = {2019},
}

@inproceedings{DBLP:conf/icml/KoloskovaSJ19,
	author    = {Anastasia Koloskova and
	Sebastian U. Stich and
	Martin Jaggi},
	title     = {Decentralized Stochastic Optimization and Gossip Algorithms with Compressed
	Communication},
	booktitle = {ICML},
	volume    = {97},
	pages     = {3478--3487},
	year      = {2019},
}

@inproceedings{DBLP:conf/pkdd/KampASHSWW18,
	author    = {Michael Kamp and
	Linara Adilova and
	Joachim Sicking and
	others},
	title     = {Efficient Decentralized Deep Learning by Dynamic Model Averaging},
	booktitle = {PKDD},
	volume    = {11051},
	pages     = {393--409},
	year      = {2018},
}

@inproceedings{DBLP:conf/nips/HeBJ18,
	author    = {Lie He and
	An Bian and
	Martin Jaggi},
	title     = {{COLA:} Decentralized Linear Learning},
	booktitle = {NIPS},
	pages     = {4541--4551},
	year      = {2018},
}

@inproceedings{DBLP:conf/iclr/KoloskovaLSJ20,
	author    = {Anastasia Koloskova and
	Tao Lin and
	Sebastian U. Stich and
	others},
	title     = {Decentralized Deep Learning with Arbitrary Communication Compression},
	booktitle = {ICLR},
	year      = {2020},
}

@article{DBLP:journals/corr/abs-1905-06731,
	author    = {Abhijit Guha Roy and
	Shayan Siddiqui and
	Sebastian P{\"{o}}lsterl and
	others},
	title     = {BrainTorrent: {A} Peer-to-Peer Environment for Decentralized Federated
	Learning},
	journal   = {CoRR},
	volume    = {abs/1905.06731},
	year      = {2019},
}

@inproceedings{DBLP:conf/icml/SureshYKM17,
	author    = {Ananda Theertha Suresh and
	Felix X. Yu and
	Sanjiv Kumar and
	others},
	title     = {Distributed Mean Estimation with Limited Communication},
	booktitle = {ICML},
	volume    = {70},
	pages     = {3329--3337},
	year      = {2017},
}

@inproceedings{DBLP:conf/iclr/LinHM0D18,
	author    = {Yujun Lin and
	Song Han and
	Huizi Mao and
	others},
	title     = {Deep Gradient Compression: Reducing the Communication Bandwidth for
	Distributed Training},
	booktitle = {ICLR},
	year      = {2018},
}

@article{DBLP:journals/corr/abs-1903-02891,
	author    = {Felix Sattler and
	Simon Wiedemann and
	Klaus{-}Robert M{\"{u}}ller and
	others},
	title     = {Robust and Communication-Efficient Federated Learning from Non-IID
	Data},
	journal   = {CoRR},
	volume    = {abs/1903.02891},
	year      = {2019},
}

@inproceedings{DBLP:conf/aistats/ReisizadehMHJP20,
	author    = {Amirhossein Reisizadeh and
	Aryan Mokhtari and
	Hamed Hassani and
	others},
	title     = {FedPAQ: {A} Communication-Efficient Federated Learning Method with
	Periodic Averaging and Quantization},
	booktitle = {AISTATS},
	volume    = {108},
	pages     = {2021--2031},
	year      = {2020},
}

@inproceedings{DBLP:conf/nips/IvkinRUBSA19,
	author    = {Nikita Ivkin and
	Daniel Rothchild and
	Enayat Ullah and
	others},
	title     = {Communication-efficient Distributed {SGD} with Sketching},
	booktitle = {NIPS},
	pages     = {13144--13154},
	year      = {2019},
}

@inproceedings{DBLP:conf/soda/Muthukrishnan03,
  author    = {S. Muthukrishnan},
  title     = {Data streams: algorithms and applications},
  booktitle = {SODA},
  pages     = {413--413},
  year      = {2003}
}

@inproceedings{DBLP:conf/sigmod/JiangFY018,
	author    = {Jiawei Jiang and
	Fangcheng Fu and
	Tong Yang and
	others},
	title     = {SketchML: Accelerating Distributed Machine Learning with Data Sketches},
	booktitle = {SIGMOD},
	pages     = {1269--1284},
	year      = {2018},
}

@inproceedings{DBLP:conf/aistats/ZhuKMSL20,
	author    = {Wennan Zhu and
	Peter Kairouz and
	Brendan McMahan and
	others},
	editor    = {Silvia Chiappa and
	Roberto Calandra},
	title     = {Federated Heavy Hitters Discovery with Differential Privacy},
	booktitle = {AISTAS},
	volume    = {108},
	pages     = {3837--3847},
	year      = {2020},
}

@article{DBLP:journals/corr/abs-1911-00972,
	author    = {Tian Li and
	Zaoxing Liu and
	Vyas Sekar and
	others},
	title     = {Privacy for Free: Communication-Efficient Learning with Differential
	Privacy Using Sketches},
	journal   = {CoRR},
	volume    = {abs/1911.00972},
	year      = {2019},
}

@inproceedings{DBLP:conf/nips/TangGZZL18,
	author    = {Hanlin Tang and
	Shaoduo Gan and
	Ce Zhang and
	others},
	title     = {Communication Compression for Decentralized Training},
	booktitle = {NIPS},
	pages     = {7663--7673},
	year      = {2018},
}

@article{DBLP:journals/corr/abs-1812-07210,
	author    = {Sebastian Caldas and
	Jakub Konecn{\'{y}} and
	H. Brendan McMahan and
	others},
	title     = {Expanding the Reach of Federated Learning by Reducing Client Resource
	Requirements},
	journal   = {CoRR},
	volume    = {abs/1812.07210},
	year      = {2018},
}

@article{DBLP:journals/pvldb/CaoSTC12,
	author    = {Caleb Chen Cao and
	Jieying She and
	Yongxin Tong and
	others},
	title     = {Whom to Ask? Jury Selection for Decision Making Tasks on Micro-blog
	Services},
	journal   = {PVLDB},
	volume    = {5},
	number    = {11},
	pages     = {1495--1506},
	year      = {2012},
}

@inproceedings{DBLP:conf/www/VenanziGKKS14,
	author    = {Matteo Venanzi and
	John Guiver and
	Gabriella Kazai and
	others},
	title     = {Community-based bayesian aggregation models for crowdsourcing},
	booktitle = {WWW},
	pages     = {155--164},
	year      = {2014},
}

@inproceedings{DBLP:conf/icml/HoJV13,
	author    = {Chien{-}Ju Ho and
	Shahin Jabbari and
	Jennifer Wortman Vaughan},
	title     = {Adaptive Task Assignment for Crowdsourced Classification},
	booktitle = {ICML},
	volume    = {28},
	pages     = {534--542},
	year      = {2013},
}

@inproceedings{DBLP:conf/www/DemartiniDC12,
	author    = {Gianluca Demartini and
	Djellel Eddine Difallah and
	Philippe Cudr{\'{e}}{-}Mauroux},
	title     = {ZenCrowd: leveraging probabilistic reasoning and crowdsourcing techniques
	for large-scale entity linking},
	booktitle = {WWW},
	pages     = {469--478},
	year      = {2012},
}

@article{DBLP:journals/corr/abs-1912-04977,
	author    = {Peter Kairouz and
	H. Brendan McMahan and
	Brendan Avent and
	others},
	title     = {Advances and Open Problems in Federated Learning},
	journal   = {CoRR},
	volume    = {abs/1912.04977},
	year      = {2019},
}

@article{DBLP:journals/comsur/LimLHJLYNM20,
	author    = {Wei Yang Bryan Lim and
	Nguyen Cong Luong and
	Dinh Thai Hoang and
	others},
	title     = {Federated Learning in Mobile Edge Networks: {A} Comprehensive Survey},
	journal   = {{IEEE} ComSur},
	volume    = {22},
	number    = {3},
	pages     = {2031--2063},
	year      = {2020},
}

@article{DBLP:journals/corr/abs-1806-00582,
	author    = {Yue Zhao and
	Meng Li and
	Liangzhen Lai and
	others},
	title     = {Federated Learning with Non-IID Data},
	journal   = {CoRR},
	volume    = {abs/1806.00582},
	year      = {2018},
}

@inproceedings{DBLP:conf/iclr/LiHYWZ20,
	author    = {Xiang Li and
	Kaixuan Huang and
	Wenhao Yang and
	others},
	title     = {On the Convergence of FedAvg on Non-IID Data},
	booktitle = {ICLR},
	year      = {2020},
}

@inproceedings{DBLP:conf/infocom/WangKNL20,
	author    = {Hao Wang and
	Zakhary Kaplan and
	Di Niu and
	others},
	title     = {Optimizing Federated Learning on Non-IID Data with Reinforcement Learning},
	booktitle = {IEEE INFOCOM},
	pages     = {1698--1707},
	year      = {2020},
}

@inproceedings{DBLP:conf/iclr/PengHZS20,
	author    = {Xingchao Peng and
	Zijun Huang and
	Yizhe Zhu and
	others},
	title     = {Federated Adversarial Domain Adaptation},
	booktitle = {ICLR},
	year      = {2020},
}

@inproceedings{DBLP:conf/icml/YurochkinAGGHK19,
	author    = {Mikhail Yurochkin and
	Mayank Agarwal and
	Soumya Ghosh and
	others},
	editor    = {Kamalika Chaudhuri and
	Ruslan Salakhutdinov},
	title     = {Bayesian Nonparametric Federated Learning of Neural Networks},
	booktitle = {ICML},
	volume    = {97},
	pages     = {7252--7261},
	year      = {2019},
}

@inproceedings{DBLP:conf/nips/SmithCST17,
	author    = {Virginia Smith and
	Chao{-}Kai Chiang and
	Maziar Sanjabi and
	others},
	title     = {Federated Multi-Task Learning},
	booktitle = {NIPS},
	pages     = {4424--4434},
	year      = {2017},
}

@inproceedings{DBLP:conf/iclr/WangYSPK20,
	author    = {Hongyi Wang and
	Mikhail Yurochkin and
	Yuekai Sun and
	others},
	title     = {Federated Learning with Matched Averaging},
	booktitle = {ICLR},
	year      = {2020},
}

@article{DBLP:journals/corr/abs-1812-06127,
	author    = {Anit Kumar Sahu and
	Tian Li and
	Maziar Sanjabi and
	others},
	title     = {On the Convergence of Federated Optimization in Heterogeneous Networks},
	journal   = {CoRR},
	volume    = {abs/1812.06127},
	year      = {2018},
}

@article{DBLP:journals/corr/abs-1811-11479,
	author    = {Eunjeong Jeong and
	Seungeun Oh and
	Hyesung Kim and
	others},
	title     = {Communication-Efficient On-Device Machine Learning: Federated Distillation
	and Augmentation under Non-IID Private Data},
	journal   = {CoRR},
	volume    = {abs/1811.11479},
	year      = {2018},
}

@article{DBLP:journals/pvldb/FernandezSF20,
	author    = {Raul Castro Fernandez and
	Pranav Subramaniam and
	Michael Franklin},
	title     = {Data Market Platforms: Trading Data Assets to Solve Data Problems},
	journal   = {PVLDB},
	volume    = {13},
	number    = {11},
	pages     = {1933--1947},
	year      = {2020},
}

@inproceedings{DBLP:conf/iclr/LiSBS20,
	author    = {Tian Li and
	Maziar Sanjabi and
	Ahmad Beirami and
	others},
	title     = {Fair Resource Allocation in Federated Learning},
	booktitle = {ICLR},
	year      = {2020},
}

@inproceedings{DBLP:conf/icml/MohriSS19,
	author    = {Mehryar Mohri and
	Gary Sivek and
	Ananda Theertha Suresh},
	title     = {Agnostic Federated Learning},
	booktitle = {ICML},
	volume    = {97},
	pages     = {4615--4625},
	year      = {2019},
}

@inproceedings{DBLP:conf/nips/BagdasaryanPS19,
	author    = {Eugene Bagdasaryan and
	Omid Poursaeed and
	Vitaly Shmatikov},
	title     = {Differential Privacy Has Disparate Impact on Model Accuracy},
	booktitle = {NIPS},
	pages     = {15453--15462},
	year      = {2019},
}

@article{DBLP:journals/tifs/PhongAHWM18,
	author    = {Le Trieu Phong and
	Yoshinori Aono and
	Takuya Hayashi and
	others},
	title     = {Privacy-Preserving Deep Learning via Additively Homomorphic Encryption},
	journal   = {{IEEE} TIFS},
	volume    = {13},
	number    = {5},
	pages     = {1333--1345},
	year      = {2018},
}

@inproceedings{DBLP:conf/mlsys/BonawitzEGHIIKK19,
	author    = {Keith Bonawitz and
	Hubert Eichner and
	Wolfgang Grieskamp and
	others},
	title     = {Towards Federated Learning at Scale: System Design},
	booktitle = {MLSys},
	year      = {2019},
}

@article{DBLP:journals/corr/abs-1812-01097,
	author    = {Sebastian Caldas and
	Peter Wu and
	Tian Li and
	others},
	title     = {{LEAF:} {A} Benchmark for Federated Settings},
	journal   = {CoRR},
	volume    = {abs/1812.01097},
	year      = {2018},
}

@article{DBLP:journals/corr/abs-2007-13518,
	author    = {Chaoyang He and
	Songze Li and
	Jinhyun So and
	others},
	title     = {FedML: {A} Research Library and Benchmark for Federated Machine Learning},
	journal   = {CoRR},
	volume    = {abs/2007.13518},
	year      = {2020},
}

@article{DBLP:journals/jsac/WangTSLMHC19,
	author    = {Shiqiang Wang and
	Tiffany Tuor and
	Theodoros Salonidis and
	others},
	title     = {Adaptive Federated Learning in Resource Constrained Edge Computing
	Systems},
	journal   = {{IEEE} JSAC},
	volume    = {37},
	number    = {6},
	pages     = {1205--1221},
	year      = {2019},
}

@inproceedings{DBLP:conf/infocom/TranBZMH19,
	author    = {Nguyen H. Tran and
	Wei Bao and
	Albert Y. Zomaya and
	others},
	title     = {Federated Learning over Wireless Networks: Optimization Model Design
	and Analysis},
	booktitle = {IEEE INFOCOM},
	pages     = {1387--1395},
	year      = {2019},
}

@article{DBLP:journals/network/WangHWZCC19,
	author    = {Xiaofei Wang and
	Yiwen Han and
	Chenyang Wang and
	others},
	title     = {In-Edge {AI:} Intelligentizing Mobile Edge Computing, Caching and
	Communication by Federated Learning},
	journal   = {{IEEE} Network},
	volume    = {33},
	number    = {5},
	pages     = {156--165},
	year      = {2019},
}

@inproceedings{DBLP:conf/icc/NishioY19,
	author    = {Takayuki Nishio and
	Ryo Yonetani},
	title     = {Client Selection for Federated Learning with Heterogeneous Resources
	in Mobile Edge},
	booktitle = {IEEE ICC},
	pages     = {1--7},
	year      = {2019},
}

@article{DBLP:journals/corr/abs-1909-07972,
	author    = {Mingzhe Chen and
	Zhaohui Yang and
	Walid Saad and
	others},
	title     = {A Joint Learning and Communications Framework for Federated Learning
	over Wireless Networks},
	journal   = {CoRR},
	volume    = {abs/1909.07972},
	year      = {2019},
}

@inproceedings{DBLP:conf/aaai/WangTS20,
  author    = {Yansheng Wang and
               Yongxin Tong and
               Dingyuan Shi},
  title     = {Federated Latent Dirichlet Allocation: {A} Local Differential Privacy
               Based Framework},
  booktitle = {AAAI},
  pages     = {6283--6290},
  year      = {2020}
}

@inproceedings{DBLP:conf/cikm/JiangSTWZXY19,
  author    = {Di Jiang and
               Yuanfeng Song and
               Yongxin Tong and
               others},
  title     = {Federated Topic Modeling},
  booktitle = {CIKM},
  pages     = {1071--1080},
  year      = {2019}
}

@inproceedings{DBLP:conf/sigmod/TongWZCDY18,
  author    = {Yongxin Tong and
               Libin Wang and
               Zimu Zhou and
               others},
  title     = {Dynamic Pricing in Spatial Crowdsourcing: {A} Matching-Based Approach},
  booktitle = {SIGMOD},
  pages     = {773--788},
  year      = {2018}
}

@article{DBLP:journals/tkde/TongCZJSL18,
  author    = {Yongxin Tong and
               Lei Chen and
               Zimu Zhou and
               others},
  title     = {{SLADE:} {A} Smart Large-Scale Task Decomposer in Crowdsourcing},
  journal   = {{IEEE} TKDE},
  volume    = {30},
  number    = {8},
  pages     = {1588--1601},
  year      = {2018}
}

@inproceedings{DBLP:conf/icde/TaoTZSC020,
  author    = {Qian Tao and
               Yongxin Tong and
               Zimu Zhou and
               others},
  title     = {Differentially Private Online Task Assignment in Spatial Crowdsourcing:
               {A} Tree-based Approach},
  booktitle = {ICDE},
  pages     = {517--528},
  year      = {2020}
}

@inproceedings{DBLP:conf/icde/TongSDWC16,
  author    = {Yongxin Tong and
               Jieying She and
               Bolin Ding and
               others},
  title     = {Online mobile Micro-Task Allocation in spatial crowdsourcing},
  booktitle = {ICDE},
  pages     = {49--60},
  year      = {2016}
}

@ARTICLE{8897719,
  author={Y. {Tong} and Y. {Zeng} and B. {Ding} and L. {Wang} and L. {Chen}},
  journal={IEEE TKDE}, 
  title={Two-sided Online Micro-Task Assignment in Spatial Crowdsourcing}, 
  year={2019},
  url={doi.org/10.1109/TKDE.2019.2948863}}
