@article{DBLP:journals/tifs/PhongAHWM18,
  author    = {Le Trieu Phong and
               Yoshinori Aono and
               Takuya Hayashi and
               Lihua Wang and
               Shiho Moriai},
  title     = {Privacy-Preserving Deep Learning via Additively Homomorphic Encryption},
  journal   = {{IEEE} Trans. Inf. Forensics Secur.},
  volume    = {13},
  number    = {5},
  pages     = {1333--1345},
  year      = {2018},
  url       = {https://doi.org/10.1109/TIFS.2017.2787987},
  doi       = {10.1109/TIFS.2017.2787987},
  timestamp = {Thu, 06 Aug 2020 13:53:23 +0200},
  biburl    = {https://dblp.org/rec/journals/tifs/PhongAHWM18.bib},
  bibsource = {dblp computer science bibliography, https://dblp.org}
}

@inproceedings{DBLP:conf/sp/NasrSH19,
  author    = {Milad Nasr and
               Reza Shokri and
               Amir Houmansadr},
  title     = {Comprehensive Privacy Analysis of Deep Learning: Passive and Active
               White-box Inference Attacks against Centralized and Federated Learning},
  booktitle = {2019 {IEEE} Symposium on Security and Privacy, {SP} 2019, San Francisco,
               CA, USA, May 19-23, 2019},
  pages     = {739--753},
  year      = {2019},
  crossref  = {DBLP:conf/sp/2019},
  url       = {https://doi.org/10.1109/SP.2019.00065},
  doi       = {10.1109/SP.2019.00065},
  timestamp = {Wed, 16 Oct 2019 14:14:51 +0200},
  biburl    = {https://dblp.org/rec/conf/sp/NasrSH19.bib},
  bibsource = {dblp computer science bibliography, https://dblp.org}
}

@inproceedings{DBLP:conf/icalp/Dwork06,
  author    = {Cynthia Dwork},
  title     = {Differential Privacy},
  booktitle = {Automata, Languages and Programming, 33rd International Colloquium,
               {ICALP} 2006, Venice, Italy, July 10-14, 2006, Proceedings, Part {II}},
  pages     = {1--12},
  year      = {2006},
  crossref  = {DBLP:conf/icalp/2006-2},
  url       = {https://doi.org/10.1007/11787006\_1},
  doi       = {10.1007/11787006\_1},
  timestamp = {Tue, 14 May 2019 10:00:44 +0200},
  biburl    = {https://dblp.org/rec/conf/icalp/Dwork06.bib},
  bibsource = {dblp computer science bibliography, https://dblp.org}
}

@inproceedings{DBLP:conf/ccs/AbadiCGMMT016,
  author    = {Mart{\'{\i}}n Abadi and
               Andy Chu and
               Ian J. Goodfellow and
               H. Brendan McMahan and
               Ilya Mironov and
               Kunal Talwar and
               Li Zhang},
  title     = {Deep Learning with Differential Privacy},
  booktitle = {Proceedings of the 2016 {ACM} {SIGSAC} Conference on Computer and
               Communications Security, Vienna, Austria, October 24-28, 2016},
  pages     = {308--318},
  year      = {2016},
  crossref  = {DBLP:conf/ccs/2016},
  url       = {https://doi.org/10.1145/2976749.2978318},
  doi       = {10.1145/2976749.2978318},
  timestamp = {Wed, 14 Nov 2018 10:54:58 +0100},
  biburl    = {https://dblp.org/rec/conf/ccs/AbadiCGMMT016.bib},
  bibsource = {dblp computer science bibliography, https://dblp.org}
}

@inproceedings{DBLP:conf/soda/ErlingssonFMRTT19,
  author    = {{\'{U}}lfar Erlingsson and
               Vitaly Feldman and
               Ilya Mironov and
               Ananth Raghunathan and
               Kunal Talwar and
               Abhradeep Thakurta},
  title     = {Amplification by Shuffling: From Local to Central Differential Privacy
               via Anonymity},
  booktitle = {Proceedings of the Thirtieth Annual {ACM-SIAM} Symposium on Discrete
               Algorithms, {SODA} 2019, San Diego, California, USA, January 6-9,
               2019},
  pages     = {2468--2479},
  year      = {2019},
  crossref  = {DBLP:conf/soda/2019},
  url       = {https://doi.org/10.1137/1.9781611975482.151},
  doi       = {10.1137/1.9781611975482.151},
  timestamp = {Tue, 12 Mar 2019 15:52:39 +0100},
  biburl    = {https://dblp.org/rec/conf/soda/ErlingssonFMRTT19.bib},
  bibsource = {dblp computer science bibliography, https://dblp.org}
}

@article{DBLP:journals/tifs/HuangHGCG20,
  author    = {Zonghao Huang and
               Rui Hu and
               Yuanxiong Guo and
               Eric Chan{-}Tin and
               Yanmin Gong},
  title     = {{DP-ADMM:} ADMM-Based Distributed Learning With Differential Privacy},
  journal   = {{IEEE} Trans. Inf. Forensics Secur.},
  volume    = {15},
  pages     = {1002--1012},
  year      = {2020},
  url       = {https://doi.org/10.1109/TIFS.2019.2931068},
  doi       = {10.1109/TIFS.2019.2931068},
  timestamp = {Thu, 06 Aug 2020 13:53:23 +0200},
  biburl    = {https://dblp.org/rec/journals/tifs/HuangHGCG20.bib},
  bibsource = {dblp computer science bibliography, https://dblp.org}
}

@inproceedings{DBLP:conf/ccs/BonawitzIKMMPRS17,
  author    = {Keith Bonawitz and
               Vladimir Ivanov and
               Ben Kreuter and
               Antonio Marcedone and
               H. Brendan McMahan and
               Sarvar Patel and
               Daniel Ramage and
               Aaron Segal and
               Karn Seth},
  title     = {Practical Secure Aggregation for Privacy-Preserving Machine Learning},
  booktitle = {Proceedings of the 2017 {ACM} {SIGSAC} Conference on Computer and
               Communications Security, {CCS} 2017, Dallas, TX, USA, October 30 -
               November 03, 2017},
  pages     = {1175--1191},
  year      = {2017},
  crossref  = {DBLP:conf/ccs/2017},
  url       = {https://doi.org/10.1145/3133956.3133982},
  doi       = {10.1145/3133956.3133982},
  timestamp = {Tue, 06 Nov 2018 11:07:29 +0100},
  biburl    = {https://dblp.org/rec/conf/ccs/BonawitzIKMMPRS17.bib},
  bibsource = {dblp computer science bibliography, https://dblp.org}
}

@article{DBLP:journals/tifs/ErkinVTL12,
  author    = {Zekeriya Erkin and
               Thijs Veugen and
               Tomas Toft and
               Reginald L. Lagendijk},
  title     = {Generating Private Recommendations Efficiently Using Homomorphic Encryption
               and Data Packing},
  journal   = {{IEEE} Trans. Inf. Forensics Secur.},
  volume    = {7},
  number    = {3},
  pages     = {1053--1066},
  year      = {2012},
  url       = {https://doi.org/10.1109/TIFS.2012.2190726},
  doi       = {10.1109/TIFS.2012.2190726},
  timestamp = {Thu, 06 Aug 2020 13:52:32 +0200},
  biburl    = {https://dblp.org/rec/journals/tifs/ErkinVTL12.bib},
  bibsource = {dblp computer science bibliography, https://dblp.org}
}

@inproceedings{DBLP:conf/sp/NikolaenkoWIJBT13,
  author    = {Valeria Nikolaenko and
               Udi Weinsberg and
               Stratis Ioannidis and
               Marc Joye and
               Dan Boneh and
               Nina Taft},
  title     = {Privacy-Preserving Ridge Regression on Hundreds of Millions of Records},
  booktitle = {2013 {IEEE} Symposium on Security and Privacy, {SP} 2013, Berkeley,
               CA, USA, May 19-22, 2013},
  pages     = {334--348},
  year      = {2013},
  crossref  = {DBLP:conf/sp/2013},
  url       = {https://doi.org/10.1109/SP.2013.30},
  doi       = {10.1109/SP.2013.30},
  timestamp = {Wed, 16 Oct 2019 14:14:51 +0200},
  biburl    = {https://dblp.org/rec/conf/sp/NikolaenkoWIJBT13.bib},
  bibsource = {dblp computer science bibliography, https://dblp.org}
}

@inproceedings{DBLP:conf/uss/OhrimenkoSFMNVC16,
  author    = {Olga Ohrimenko and
               Felix Schuster and
               C{\'{e}}dric Fournet and
               Aastha Mehta and
               Sebastian Nowozin and
               Kapil Vaswani and
               Manuel Costa},
  title     = {Oblivious Multi-Party Machine Learning on Trusted Processors},
  booktitle = {25th {USENIX} Security Symposium, {USENIX} Security 16, Austin, TX,
               USA, August 10-12, 2016},
  pages     = {619--636},
  year      = {2016},
  crossref  = {DBLP:conf/uss/2016},
  url       = {https://www.usenix.org/conference/usenixsecurity16/technical-sessions/presentation/ohrimenko},
  timestamp = {Mon, 05 Sep 2016 15:43:05 +0200},
  biburl    = {https://dblp.org/rec/conf/uss/OhrimenkoSFMNVC16.bib},
  bibsource = {dblp computer science bibliography, https://dblp.org}
}

@inproceedings{DBLP:conf/nips/BlanchardMGS17,
  author    = {Peva Blanchard and
               El Mahdi El Mhamdi and
               Rachid Guerraoui and
               Julien Stainer},
  title     = {Machine Learning with Adversaries: Byzantine Tolerant Gradient Descent},
  booktitle = {Advances in Neural Information Processing Systems 30: Annual Conference
               on Neural Information Processing Systems 2017, 4-9 December 2017,
               Long Beach, CA, {USA}},
  pages     = {119--129},
  year      = {2017},
  crossref  = {DBLP:conf/nips/2017},
  url       = {http://papers.nips.cc/paper/6617-machine-learning-with-adversaries-byzantine-tolerant-gradient-descent},
  timestamp = {Fri, 06 Mar 2020 16:58:21 +0100},
  biburl    = {https://dblp.org/rec/conf/nips/BlanchardMGS17.bib},
  bibsource = {dblp computer science bibliography, https://dblp.org}
}

@inproceedings{DBLP:conf/nips/AlistarhA018,
  author    = {Dan Alistarh and
               Zeyuan Allen{-}Zhu and
               Jerry Li},
  title     = {Byzantine Stochastic Gradient Descent},
  booktitle = {Advances in Neural Information Processing Systems 31: Annual Conference
               on Neural Information Processing Systems 2018, NeurIPS 2018, 3-8 December
               2018, Montr{\'{e}}al, Canada},
  pages     = {4618--4628},
  year      = {2018},
  crossref  = {DBLP:conf/nips/2018},
  url       = {http://papers.nips.cc/paper/7712-byzantine-stochastic-gradient-descent},
  timestamp = {Fri, 06 Mar 2020 17:00:31 +0100},
  biburl    = {https://dblp.org/rec/conf/nips/AlistarhA018.bib},
  bibsource = {dblp computer science bibliography, https://dblp.org}
}

@inproceedings{DBLP:conf/icml/BiggioNL12,
  author    = {Battista Biggio and
               Blaine Nelson and
               Pavel Laskov},
  title     = {Poisoning Attacks against Support Vector Machines},
  booktitle = {Proceedings of the 29th International Conference on Machine Learning,
               {ICML} 2012, Edinburgh, Scotland, UK, June 26 - July 1, 2012},
  year      = {2012},
  crossref  = {DBLP:conf/icml/2012},
  url       = {http://icml.cc/2012/papers/880.pdf},
  timestamp = {Wed, 03 Apr 2019 17:43:35 +0200},
  biburl    = {https://dblp.org/rec/conf/icml/BiggioNL12.bib},
  bibsource = {dblp computer science bibliography, https://dblp.org}
}

@inproceedings{DBLP:conf/iclr/XieHCL20,
  author    = {Chulin Xie and
               Keli Huang and
               Pin{-}Yu Chen and
               Bo Li},
  title     = {{DBA:} Distributed Backdoor Attacks against Federated Learning},
  booktitle = {8th International Conference on Learning Representations, {ICLR} 2020,
               Addis Ababa, Ethiopia, April 26-30, 2020},
  year      = {2020},
  crossref  = {DBLP:conf/iclr/2020},
  url       = {https://openreview.net/forum?id=rkgyS0VFvr},
  timestamp = {Thu, 07 May 2020 17:11:47 +0200},
  biburl    = {https://dblp.org/rec/conf/iclr/XieHCL20.bib},
  bibsource = {dblp computer science bibliography, https://dblp.org}
}

@inproceedings{DBLP:conf/aistats/BagdasaryanVHES20,
  author    = {Eugene Bagdasaryan and
               Andreas Veit and
               Yiqing Hua and
               Deborah Estrin and
               Vitaly Shmatikov},
  title     = {How To Backdoor Federated Learning},
  booktitle = {The 23rd International Conference on Artificial Intelligence and Statistics,
               {AISTATS} 2020, 26-28 August 2020, Online [Palermo, Sicily, Italy]},
  pages     = {2938--2948},
  year      = {2020},
  crossref  = {DBLP:conf/aistats/2020},
  url       = {http://proceedings.mlr.press/v108/bagdasaryan20a.html},
  timestamp = {Mon, 29 Jun 2020 18:03:58 +0200},
  biburl    = {https://dblp.org/rec/conf/aistats/BagdasaryanVHES20.bib},
  bibsource = {dblp computer science bibliography, https://dblp.org}
}

@inproceedings{DBLP:conf/icml/BhagojiCMC19,
  author    = {Arjun Nitin Bhagoji and
               Supriyo Chakraborty and
               Prateek Mittal and
               Seraphin B. Calo},
  title     = {Analyzing Federated Learning through an Adversarial Lens},
  booktitle = {Proceedings of the 36th International Conference on Machine Learning,
               {ICML} 2019, 9-15 June 2019, Long Beach, California, {USA}},
  pages     = {634--643},
  year      = {2019},
  crossref  = {DBLP:conf/icml/2019},
  url       = {http://proceedings.mlr.press/v97/bhagoji19a.html},
  timestamp = {Tue, 11 Jun 2019 15:37:38 +0200},
  biburl    = {https://dblp.org/rec/conf/icml/BhagojiCMC19.bib},
  bibsource = {dblp computer science bibliography, https://dblp.org}
}

@inproceedings{DBLP:conf/nips/SteinhardtKL17,
  author    = {Jacob Steinhardt and
               Pang Wei Koh and
               Percy Liang},
  title     = {Certified Defenses for Data Poisoning Attacks},
  booktitle = {Advances in Neural Information Processing Systems 30: Annual Conference
               on Neural Information Processing Systems 2017, 4-9 December 2017,
               Long Beach, CA, {USA}},
  pages     = {3517--3529},
  year      = {2017},
  crossref  = {DBLP:conf/nips/2017},
  url       = {http://papers.nips.cc/paper/6943-certified-defenses-for-data-poisoning-attacks},
  timestamp = {Fri, 06 Mar 2020 16:57:47 +0100},
  biburl    = {https://dblp.org/rec/conf/nips/SteinhardtKL17.bib},
  bibsource = {dblp computer science bibliography, https://dblp.org}
}

@inproceedings{DBLP:conf/raid/0017DG18,
  author    = {Kang Liu and
               Brendan Dolan{-}Gavitt and
               Siddharth Garg},
  title     = {Fine-Pruning: Defending Against Backdooring Attacks on Deep Neural
               Networks},
  booktitle = {Research in Attacks, Intrusions, and Defenses - 21st International
               Symposium, {RAID} 2018, Heraklion, Crete, Greece, September 10-12,
               2018, Proceedings},
  pages     = {273--294},
  year      = {2018},
  crossref  = {DBLP:conf/raid/2018},
  url       = {https://doi.org/10.1007/978-3-030-00470-5\_13},
  doi       = {10.1007/978-3-030-00470-5\_13},
  timestamp = {Wed, 25 Sep 2019 18:13:01 +0200},
  biburl    = {https://dblp.org/rec/conf/raid/0017DG18.bib},
  bibsource = {dblp computer science bibliography, https://dblp.org}
}

@inproceedings{DBLP:conf/nips/Tran0M18,
  author    = {Brandon Tran and
               Jerry Li and
               Aleksander Madry},
  title     = {Spectral Signatures in Backdoor Attacks},
  booktitle = {Advances in Neural Information Processing Systems 31: Annual Conference
               on Neural Information Processing Systems 2018, NeurIPS 2018, 3-8 December
               2018, Montr{\'{e}}al, Canada},
  pages     = {8011--8021},
  year      = {2018},
  crossref  = {DBLP:conf/nips/2018},
  url       = {http://papers.nips.cc/paper/8024-spectral-signatures-in-backdoor-attacks},
  timestamp = {Fri, 06 Mar 2020 17:00:31 +0100},
  biburl    = {https://dblp.org/rec/conf/nips/Tran0M18.bib},
  bibsource = {dblp computer science bibliography, https://dblp.org}
}

@inproceedings{DBLP:conf/uss/TramerZJRR16,
  author    = {Florian Tram{\`{e}}r and
               Fan Zhang and
               Ari Juels and
               Michael K. Reiter and
               Thomas Ristenpart},
  title     = {Stealing Machine Learning Models via Prediction APIs},
  booktitle = {25th {USENIX} Security Symposium, {USENIX} Security 16, Austin, TX,
               USA, August 10-12, 2016},
  pages     = {601--618},
  year      = {2016},
  crossref  = {DBLP:conf/uss/2016},
  url       = {https://www.usenix.org/conference/usenixsecurity16/technical-sessions/presentation/tramer},
  timestamp = {Wed, 13 Feb 2019 07:31:04 +0100},
  biburl    = {https://dblp.org/rec/conf/uss/TramerZJRR16.bib},
  bibsource = {dblp computer science bibliography, https://dblp.org}
}

@inproceedings{DBLP:conf/eurosp/JuutiSMA19,
  author    = {Mika Juuti and
               Sebastian Szyller and
               Samuel Marchal and
               N. Asokan},
  title     = {{PRADA:} Protecting Against {DNN} Model Stealing Attacks},
  booktitle = {{IEEE} European Symposium on Security and Privacy, EuroS{\&}P
               2019, Stockholm, Sweden, June 17-19, 2019},
  pages     = {512--527},
  year      = {2019},
  crossref  = {DBLP:conf/eurosp/2019},
  url       = {https://doi.org/10.1109/EuroSP.2019.00044},
  doi       = {10.1109/EuroSP.2019.00044},
  timestamp = {Wed, 16 Oct 2019 14:14:55 +0200},
  biburl    = {https://dblp.org/rec/conf/eurosp/JuutiSMA19.bib},
  bibsource = {dblp computer science bibliography, https://dblp.org}
}

@inproceedings{DBLP:conf/sigmod/ParkW14,
  author    = {Hyunjung Park and
               Jennifer Widom},
  title     = {CrowdFill: collecting structured data from the crowd},
  booktitle = {International Conference on Management of Data, {SIGMOD} 2014, Snowbird,
               UT, USA, June 22-27, 2014},
  pages     = {577--588},
  year      = {2014},
  crossref  = {DBLP:conf/sigmod/2014},
  url       = {https://doi.org/10.1145/2588555.2610503},
  doi       = {10.1145/2588555.2610503},
  timestamp = {Tue, 06 Nov 2018 11:07:37 +0100},
  biburl    = {https://dblp.org/rec/conf/sigmod/ParkW14.bib},
  bibsource = {dblp computer science bibliography, https://dblp.org}
}

@article{DBLP:journals/pvldb/GaoP14,
  author    = {Yihan Gao and
               Aditya G. Parameswaran},
  title     = {Finish Them!: Pricing Algorithms for Human Computation},
  journal   = {Proc. {VLDB} Endow.},
  volume    = {7},
  number    = {14},
  pages     = {1965--1976},
  year      = {2014},
  url       = {http://www.vldb.org/pvldb/vol7/p1965-gao.pdf},
  doi       = {10.14778/2733085.2733101},
  timestamp = {Sat, 25 Apr 2020 13:58:44 +0200},
  biburl    = {https://dblp.org/rec/journals/pvldb/GaoP14.bib},
  bibsource = {dblp computer science bibliography, https://dblp.org}
}

@article{DBLP:journals/vldb/TongZZCS20,
  author    = {Yongxin Tong and
               Zimu Zhou and
               Yuxiang Zeng and
               Lei Chen and
               Cyrus Shahabi},
  title     = {Spatial crowdsourcing: a survey},
  journal   = {{VLDB} J.},
  volume    = {29},
  number    = {1},
  pages     = {217--250},
  year      = {2020},
  url       = {https://doi.org/10.1007/s00778-019-00568-7},
  doi       = {10.1007/s00778-019-00568-7},
  timestamp = {Thu, 06 Feb 2020 18:13:19 +0100},
  biburl    = {https://dblp.org/rec/journals/vldb/TongZZCS20.bib},
  bibsource = {dblp computer science bibliography, https://dblp.org}
}

@article{DBLP:journals/pvldb/FernandezSF20,
  author    = {Raul Castro Fernandez and
               Pranav Subramaniam and
               Michael Franklin},
  title     = {Data Market Platforms: Trading Data Assets to Solve Data Problems},
  journal   = {Proc. {VLDB} Endow.},
  volume    = {13},
  number    = {11},
  pages     = {1933--1947},
  year      = {2020},
  url       = {http://www.vldb.org/pvldb/vol13/p1933-fernandez.pdf},
  timestamp = {Mon, 17 Aug 2020 18:32:39 +0200},
  biburl    = {https://dblp.org/rec/journals/pvldb/FernandezSF20.bib},
  bibsource = {dblp computer science bibliography, https://dblp.org}
}

@article{DBLP:journals/twc/PandeyTBTMH20,
  author    = {Shashi Raj Pandey and
               Nguyen H. Tran and
               Mehdi Bennis and
               Yan Kyaw Tun and
               Aunas Manzoor and
               Choong Seon Hong},
  title     = {A Crowdsourcing Framework for On-Device Federated Learning},
  journal   = {{IEEE} Trans. Wireless Communications},
  volume    = {19},
  number    = {5},
  pages     = {3241--3256},
  year      = {2020},
  url       = {https://doi.org/10.1109/TWC.2020.2971981},
  doi       = {10.1109/TWC.2020.2971981},
  timestamp = {Tue, 16 Jun 2020 17:14:09 +0200},
  biburl    = {https://dblp.org/rec/journals/twc/PandeyTBTMH20.bib},
  bibsource = {dblp computer science bibliography, https://dblp.org}
}

@article{DBLP:journals/corr/abs-1908-03092,
  author    = {Yunus Sarikaya and
               {\"{O}}zg{\"{u}}r Er{\c{c}}etin},
  title     = {Motivating Workers in Federated Learning: {A} Stackelberg Game Perspective},
  journal   = {CoRR},
  volume    = {abs/1908.03092},
  year      = {2019},
  url       = {http://arxiv.org/abs/1908.03092},
  archivePrefix = {arXiv},
  eprint    = {1908.03092},
  timestamp = {Mon, 12 Aug 2019 07:39:21 +0200},
  biburl    = {https://dblp.org/rec/journals/corr/abs-1908-03092.bib},
  bibsource = {dblp computer science bibliography, https://dblp.org}
}

@article{DBLP:journals/corr/abs-1911-05642,
  author    = {Latif U. Khan and
               Nguyen H. Tran and
               Shashi Raj Pandey and
               Walid Saad and
               Zhu Han and
               Minh N. H. Nguyen and
               Choong Seon Hong},
  title     = {Federated Learning for Edge Networks: Resource Optimization and Incentive
               Mechanism},
  journal   = {CoRR},
  volume    = {abs/1911.05642},
  year      = {2019},
  url       = {http://arxiv.org/abs/1911.05642},
  archivePrefix = {arXiv},
  eprint    = {1911.05642},
  timestamp = {Mon, 02 Dec 2019 13:44:01 +0100},
  biburl    = {https://dblp.org/rec/journals/corr/abs-1911-05642.bib},
  bibsource = {dblp computer science bibliography, https://dblp.org}
}

@article{DBLP:journals/corr/abs-2001-08996,
  author    = {Mengjing Chen and
               Yang Liu and
               Weiran Shen and
               Yiheng Shen and
               Pingzhong Tang and
               Qiang Yang},
  title     = {Mechanism Design for Multi-Party Machine Learning},
  journal   = {CoRR},
  volume    = {abs/2001.08996},
  year      = {2020},
  url       = {https://arxiv.org/abs/2001.08996},
  archivePrefix = {arXiv},
  eprint    = {2001.08996},
  timestamp = {Wed, 22 Jul 2020 10:49:36 +0200},
  biburl    = {https://dblp.org/rec/journals/corr/abs-2001-08996.bib},
  bibsource = {dblp computer science bibliography, https://dblp.org}
}

@article{DBLP:journals/iotj/KangXNXZ19,
  author    = {Jiawen Kang and
               Zehui Xiong and
               Dusit Niyato and
               Shengli Xie and
               Junshan Zhang},
  title     = {Incentive Mechanism for Reliable Federated Learning: {A} Joint Optimization
               Approach to Combining Reputation and Contract Theory},
  journal   = {{IEEE} Internet Things J.},
  volume    = {6},
  number    = {6},
  pages     = {10700--10714},
  year      = {2019},
  url       = {https://doi.org/10.1109/JIOT.2019.2940820},
  doi       = {10.1109/JIOT.2019.2940820},
  timestamp = {Mon, 08 Jun 2020 22:22:54 +0200},
  biburl    = {https://dblp.org/rec/journals/iotj/KangXNXZ19.bib},
  bibsource = {dblp computer science bibliography, https://dblp.org}
}

@article{DBLP:journals/iacr/WengWLZL18,
  author    = {Jia{-}Si Weng and
               Jian Weng and
               Ming Li and
               Yue Zhang and
               Weiqi Luo},
  title     = {DeepChain: Auditable and Privacy-Preserving Deep Learning with Blockchain-based
               Incentive},
  journal   = {{IACR} Cryptol. ePrint Arch.},
  volume    = {2018},
  pages     = {679},
  year      = {2018},
  url       = {https://eprint.iacr.org/2018/679},
  timestamp = {Tue, 12 May 2020 10:53:37 +0200},
  biburl    = {https://dblp.org/rec/journals/iacr/WengWLZL18.bib},
  bibsource = {dblp computer science bibliography, https://dblp.org}
}

@article{shapley1953value,
  title={A value for n-person games},
  author={Shapley, Lloyd S},
  journal={Contributions to the Theory of Games},
  volume={2},
  number={28},
  pages={307--317},
  year={1953}
}

@inproceedings{DBLP:conf/bigdataconf/SongTW19,
  author    = {Tianshu Song and
               Yongxin Tong and
               Shuyue Wei},
  title     = {Profit Allocation for Federated Learning},
  booktitle = {2019 {IEEE} International Conference on Big Data (Big Data), Los Angeles,
               CA, USA, December 9-12, 2019},
  pages     = {2577--2586},
  year      = {2019},
  crossref  = {DBLP:conf/bigdataconf/2019},
  url       = {https://doi.org/10.1109/BigData47090.2019.9006327},
  doi       = {10.1109/BigData47090.2019.9006327},
  timestamp = {Fri, 06 Mar 2020 13:05:30 +0100},
  biburl    = {https://dblp.org/rec/conf/bigdataconf/SongTW19.bib},
  bibsource = {dblp computer science bibliography, https://dblp.org}
}

@article{DBLP:journals/corr/KonecnyMR15,
	author    = {Jakub Konecn{\'{y}} and
	Brendan McMahan and
	Daniel Ramage},
	title     = {Federated Optimization: Distributed Optimization Beyond the Datacenter},
	journal   = {CoRR},
	volume    = {abs/1511.03575},
	year      = {2015},
	url       = {http://arxiv.org/abs/1511.03575},
	archivePrefix = {arXiv},
	eprint    = {1511.03575},
	timestamp = {Mon, 13 Aug 2018 16:47:45 +0200},
	biburl    = {https://dblp.org/rec/journals/corr/KonecnyMR15.bib},
	bibsource = {dblp computer science bibliography, https://dblp.org}
}

@article{DBLP:journals/corr/KonecnyMYRSB16,
	author    = {Jakub Konecn{\'{y}} and
	H. Brendan McMahan and
	Felix X. Yu and
	Peter Richt{\'{a}}rik and
	Ananda Theertha Suresh and
	Dave Bacon},
	title     = {Federated Learning: Strategies for Improving Communication Efficiency},
	journal   = {CoRR},
	volume    = {abs/1610.05492},
	year      = {2016},
	url       = {http://arxiv.org/abs/1610.05492},
	archivePrefix = {arXiv},
	eprint    = {1610.05492},
	timestamp = {Mon, 13 Aug 2018 16:48:21 +0200},
	biburl    = {https://dblp.org/rec/journals/corr/KonecnyMYRSB16.bib},
	bibsource = {dblp computer science bibliography, https://dblp.org}
}

@inproceedings{DBLP:conf/aistats/McMahanMRHA17,
	author    = {Brendan McMahan and
	Eider Moore and
	Daniel Ramage and
	Seth Hampson and
	Blaise Ag{\"{u}}era y Arcas},
	editor    = {Aarti Singh and
	Xiaojin (Jerry) Zhu},
	title     = {Communication-Efficient Learning of Deep Networks from Decentralized
	Data},
	booktitle = {Proceedings of the 20th International Conference on Artificial Intelligence
	and Statistics, {AISTATS} 2017, 20-22 April 2017, Fort Lauderdale,
	FL, {USA}},
	series    = {Proceedings of Machine Learning Research},
	volume    = {54},
	pages     = {1273--1282},
	publisher = {{PMLR}},
	year      = {2017},
	url       = {http://proceedings.mlr.press/v54/mcmahan17a.html},
	timestamp = {Wed, 29 May 2019 08:41:44 +0200},
	biburl    = {https://dblp.org/rec/conf/aistats/McMahanMRHA17.bib},
	bibsource = {dblp computer science bibliography, https://dblp.org}
}

@inproceedings{DBLP:conf/icc/NishioY19,
	author    = {Takayuki Nishio and
	Ryo Yonetani},
	title     = {Client Selection for Federated Learning with Heterogeneous Resources
	in Mobile Edge},
	booktitle = {2019 {IEEE} International Conference on Communications, {ICC} 2019,
	Shanghai, China, May 20-24, 2019},
	pages     = {1--7},
	publisher = {{IEEE}},
	year      = {2019},
	url       = {https://doi.org/10.1109/ICC.2019.8761315},
	doi       = {10.1109/ICC.2019.8761315},
	timestamp = {Wed, 16 Oct 2019 14:14:50 +0200},
	biburl    = {https://dblp.org/rec/conf/icc/NishioY19.bib},
	bibsource = {dblp computer science bibliography, https://dblp.org}
}

@article{DBLP:journals/network/WangHWZCC19,
	author    = {Xiaofei Wang and
	Yiwen Han and
	Chenyang Wang and
	Qiyang Zhao and
	Xu Chen and
	Min Chen},
	title     = {In-Edge {AI:} Intelligentizing Mobile Edge Computing, Caching and
	Communication by Federated Learning},
	journal   = {{IEEE} Network},
	volume    = {33},
	number    = {5},
	pages     = {156--165},
	year      = {2019},
	url       = {https://doi.org/10.1109/MNET.2019.1800286},
	doi       = {10.1109/MNET.2019.1800286},
	timestamp = {Tue, 09 Jun 2020 08:58:03 +0200},
	biburl    = {https://dblp.org/rec/journals/network/WangHWZCC19.bib},
	bibsource = {dblp computer science bibliography, https://dblp.org}
}

@inproceedings{DBLP:conf/infocom/WangKNL20,
	author    = {Hao Wang and
	Zakhary Kaplan and
	Di Niu and
	Baochun Li},
	title     = {Optimizing Federated Learning on Non-IID Data with Reinforcement Learning},
	booktitle = {39th {IEEE} Conference on Computer Communications, {INFOCOM} 2020,
	Toronto, ON, Canada, July 6-9, 2020},
	pages     = {1698--1707},
	publisher = {{IEEE}},
	year      = {2020},
	url       = {https://doi.org/10.1109/INFOCOM41043.2020.9155494},
	doi       = {10.1109/INFOCOM41043.2020.9155494},
	timestamp = {Mon, 10 Aug 2020 17:45:33 +0200},
	biburl    = {https://dblp.org/rec/conf/infocom/WangKNL20.bib},
	bibsource = {dblp computer science bibliography, https://dblp.org}
}

@inproceedings{DBLP:conf/nips/JaggiSTTKHJ14,
	author    = {Martin Jaggi and
	Virginia Smith and
	Martin Tak{\'{a}}c and
	Jonathan Terhorst and
	Sanjay Krishnan and
	Thomas Hofmann and
	Michael I. Jordan},
	editor    = {Zoubin Ghahramani and
	Max Welling and
	Corinna Cortes and
	Neil D. Lawrence and
	Kilian Q. Weinberger},
	title     = {Communication-Efficient Distributed Dual Coordinate Ascent},
	booktitle = {Advances in Neural Information Processing Systems 27: Annual Conference
	on Neural Information Processing Systems 2014, December 8-13 2014,
	Montreal, Quebec, Canada},
	pages     = {3068--3076},
	year      = {2014},
	url       = {http://papers.nips.cc/paper/5599-communication-efficient-distributed-dual-coordinate-ascent},
	timestamp = {Fri, 06 Mar 2020 16:58:09 +0100},
	biburl    = {https://dblp.org/rec/conf/nips/JaggiSTTKHJ14.bib},
	bibsource = {dblp computer science bibliography, https://dblp.org}
}

@inproceedings{DBLP:conf/icml/MaSJJRT15,
	author    = {Chenxin Ma and
	Virginia Smith and
	Martin Jaggi and
	Michael I. Jordan and
	Peter Richt{\'{a}}rik and
	Martin Tak{\'{a}}c},
	editor    = {Francis R. Bach and
	David M. Blei},
	title     = {Adding vs. Averaging in Distributed Primal-Dual Optimization},
	booktitle = {Proceedings of the 32nd International Conference on Machine Learning,
	{ICML} 2015, Lille, France, 6-11 July 2015},
	series    = {{JMLR} Workshop and Conference Proceedings},
	volume    = {37},
	pages     = {1973--1982},
	publisher = {JMLR.org},
	year      = {2015},
	url       = {http://proceedings.mlr.press/v37/mab15.html},
	timestamp = {Wed, 29 May 2019 08:41:45 +0200},
	biburl    = {https://dblp.org/rec/conf/icml/MaSJJRT15.bib},
	bibsource = {dblp computer science bibliography, https://dblp.org}
}

@article{DBLP:journals/jmlr/SmithFMTJJ17,
	author    = {Virginia Smith and
	Simone Forte and
	Chenxin Ma and
	Martin Tak{\'{a}}c and
	Michael I. Jordan and
	Martin Jaggi},
	title     = {CoCoA: {A} General Framework for Communication-Efficient Distributed
	Optimization},
	journal   = {J. Mach. Learn. Res.},
	volume    = {18},
	pages     = {230:1--230:49},
	year      = {2017},
	url       = {http://jmlr.org/papers/v18/16-512.html},
	timestamp = {Wed, 10 Jul 2019 15:28:42 +0200},
	biburl    = {https://dblp.org/rec/journals/jmlr/SmithFMTJJ17.bib},
	bibsource = {dblp computer science bibliography, https://dblp.org}
}

@article{DBLP:journals/corr/abs-2003-00295,
	author    = {Sashank J. Reddi and
	Zachary Charles and
	Manzil Zaheer and
	Zachary Garrett and
	Keith Rush and
	Jakub Konecn{\'{y}} and
	Sanjiv Kumar and
	H. Brendan McMahan},
	title     = {Adaptive Federated Optimization},
	journal   = {CoRR},
	volume    = {abs/2003.00295},
	year      = {2020},
	url       = {https://arxiv.org/abs/2003.00295},
	archivePrefix = {arXiv},
	eprint    = {2003.00295},
	timestamp = {Tue, 10 Mar 2020 13:33:48 +0100},
	biburl    = {https://dblp.org/rec/journals/corr/abs-2003-00295.bib},
	bibsource = {dblp computer science bibliography, https://dblp.org}
}

@article{DBLP:journals/ftml/BoydPCPE11,
	author    = {Stephen P. Boyd and
	Neal Parikh and
	Eric Chu and
	Borja Peleato and
	Jonathan Eckstein},
	title     = {Distributed Optimization and Statistical Learning via the Alternating
	Direction Method of Multipliers},
	journal   = {Found. Trends Mach. Learn.},
	volume    = {3},
	number    = {1},
	pages     = {1--122},
	year      = {2011},
	url       = {https://doi.org/10.1561/2200000016},
	doi       = {10.1561/2200000016},
	timestamp = {Thu, 18 Jun 2020 22:08:17 +0200},
	biburl    = {https://dblp.org/rec/journals/ftml/BoydPCPE11.bib},
	bibsource = {dblp computer science bibliography, https://dblp.org}
}

@article{DBLP:journals/corr/abs-1905-06641,
	author    = {Lumin Liu and
	Jun Zhang and
	S. H. Song and
	Khaled Ben Letaief},
	title     = {Edge-Assisted Hierarchical Federated Learning with Non-IID Data},
	journal   = {CoRR},
	volume    = {abs/1905.06641},
	year      = {2019},
	url       = {http://arxiv.org/abs/1905.06641},
	archivePrefix = {arXiv},
	eprint    = {1905.06641},
	timestamp = {Tue, 03 Sep 2019 08:30:38 +0200},
	biburl    = {https://dblp.org/rec/journals/corr/abs-1905-06641.bib},
	bibsource = {dblp computer science bibliography, https://dblp.org}
}

@inproceedings{DBLP:conf/icml/KoloskovaSJ19,
	author    = {Anastasia Koloskova and
	Sebastian U. Stich and
	Martin Jaggi},
	editor    = {Kamalika Chaudhuri and
	Ruslan Salakhutdinov},
	title     = {Decentralized Stochastic Optimization and Gossip Algorithms with Compressed
	Communication},
	booktitle = {Proceedings of the 36th International Conference on Machine Learning,
	{ICML} 2019, 9-15 June 2019, Long Beach, California, {USA}},
	series    = {Proceedings of Machine Learning Research},
	volume    = {97},
	pages     = {3478--3487},
	publisher = {{PMLR}},
	year      = {2019},
	url       = {http://proceedings.mlr.press/v97/koloskova19a.html},
	timestamp = {Tue, 11 Jun 2019 15:37:38 +0200},
	biburl    = {https://dblp.org/rec/conf/icml/KoloskovaSJ19.bib},
	bibsource = {dblp computer science bibliography, https://dblp.org}
}

@inproceedings{DBLP:conf/pkdd/KampASHSWW18,
	author    = {Michael Kamp and
	Linara Adilova and
	Joachim Sicking and
	Fabian H{\"{u}}ger and
	Peter Schlicht and
	Tim Wirtz and
	Stefan Wrobel},
	editor    = {Michele Berlingerio and
	Francesco Bonchi and
	Thomas G{\"{a}}rtner and
	Neil Hurley and
	Georgiana Ifrim},
	title     = {Efficient Decentralized Deep Learning by Dynamic Model Averaging},
	booktitle = {Machine Learning and Knowledge Discovery in Databases - European Conference,
	{ECML} {PKDD} 2018, Dublin, Ireland, September 10-14, 2018, Proceedings,
	Part {I}},
	series    = {Lecture Notes in Computer Science},
	volume    = {11051},
	pages     = {393--409},
	publisher = {Springer},
	year      = {2018},
	url       = {https://doi.org/10.1007/978-3-030-10925-7\_24},
	doi       = {10.1007/978-3-030-10925-7\_24},
	timestamp = {Fri, 27 Mar 2020 08:53:11 +0100},
	biburl    = {https://dblp.org/rec/conf/pkdd/KampASHSWW18.bib},
	bibsource = {dblp computer science bibliography, https://dblp.org}
}

@inproceedings{DBLP:conf/nips/HeBJ18,
	author    = {Lie He and
	An Bian and
	Martin Jaggi},
	editor    = {Samy Bengio and
	Hanna M. Wallach and
	Hugo Larochelle and
	Kristen Grauman and
	Nicol{\`{o}} Cesa{-}Bianchi and
	Roman Garnett},
	title     = {{COLA:} Decentralized Linear Learning},
	booktitle = {Advances in Neural Information Processing Systems 31: Annual Conference
	on Neural Information Processing Systems 2018, NeurIPS 2018, 3-8 December
	2018, Montr{\'{e}}al, Canada},
	pages     = {4541--4551},
	year      = {2018},
	url       = {http://papers.nips.cc/paper/7705-cola-decentralized-linear-learning},
	timestamp = {Fri, 06 Mar 2020 17:00:31 +0100},
	biburl    = {https://dblp.org/rec/conf/nips/HeBJ18.bib},
	bibsource = {dblp computer science bibliography, https://dblp.org}
}

@inproceedings{DBLP:conf/iclr/KoloskovaLSJ20,
	author    = {Anastasia Koloskova and
	Tao Lin and
	Sebastian U. Stich and
	Martin Jaggi},
	title     = {Decentralized Deep Learning with Arbitrary Communication Compression},
	booktitle = {8th International Conference on Learning Representations, {ICLR} 2020,
	Addis Ababa, Ethiopia, April 26-30, 2020},
	publisher = {OpenReview.net},
	year      = {2020},
	url       = {https://openreview.net/forum?id=SkgGCkrKvH},
	timestamp = {Thu, 07 May 2020 17:11:48 +0200},
	biburl    = {https://dblp.org/rec/conf/iclr/KoloskovaLSJ20.bib},
	bibsource = {dblp computer science bibliography, https://dblp.org}
}

@article{DBLP:journals/corr/abs-1905-06731,
	author    = {Abhijit Guha Roy and
	Shayan Siddiqui and
	Sebastian P{\"{o}}lsterl and
	Nassir Navab and
	Christian Wachinger},
	title     = {BrainTorrent: {A} Peer-to-Peer Environment for Decentralized Federated
	Learning},
	journal   = {CoRR},
	volume    = {abs/1905.06731},
	year      = {2019},
	url       = {http://arxiv.org/abs/1905.06731},
	archivePrefix = {arXiv},
	eprint    = {1905.06731},
	timestamp = {Tue, 28 May 2019 12:48:08 +0200},
	biburl    = {https://dblp.org/rec/journals/corr/abs-1905-06731.bib},
	bibsource = {dblp computer science bibliography, https://dblp.org}
}

@inproceedings{DBLP:conf/icml/SureshYKM17,
	author    = {Ananda Theertha Suresh and
	Felix X. Yu and
	Sanjiv Kumar and
	H. Brendan McMahan},
	editor    = {Doina Precup and
	Yee Whye Teh},
	title     = {Distributed Mean Estimation with Limited Communication},
	booktitle = {Proceedings of the 34th International Conference on Machine Learning,
	{ICML} 2017, Sydney, NSW, Australia, 6-11 August 2017},
	series    = {Proceedings of Machine Learning Research},
	volume    = {70},
	pages     = {3329--3337},
	publisher = {{PMLR}},
	year      = {2017},
	url       = {http://proceedings.mlr.press/v70/suresh17a.html},
	timestamp = {Wed, 29 May 2019 08:41:45 +0200},
	biburl    = {https://dblp.org/rec/conf/icml/SureshYKM17.bib},
	bibsource = {dblp computer science bibliography, https://dblp.org}
}

@inproceedings{DBLP:conf/iclr/LinHM0D18,
	author    = {Yujun Lin and
	Song Han and
	Huizi Mao and
	Yu Wang and
	Bill Dally},
	title     = {Deep Gradient Compression: Reducing the Communication Bandwidth for
	Distributed Training},
	booktitle = {6th International Conference on Learning Representations, {ICLR} 2018,
	Vancouver, BC, Canada, April 30 - May 3, 2018, Conference Track Proceedings},
	publisher = {OpenReview.net},
	year      = {2018},
	url       = {https://openreview.net/forum?id=SkhQHMW0W},
	timestamp = {Thu, 25 Jul 2019 14:26:03 +0200},
	biburl    = {https://dblp.org/rec/conf/iclr/LinHM0D18.bib},
	bibsource = {dblp computer science bibliography, https://dblp.org}
}

@article{DBLP:journals/corr/abs-1903-02891,
	author    = {Felix Sattler and
	Simon Wiedemann and
	Klaus{-}Robert M{\"{u}}ller and
	Wojciech Samek},
	title     = {Robust and Communication-Efficient Federated Learning from Non-IID
	Data},
	journal   = {CoRR},
	volume    = {abs/1903.02891},
	year      = {2019},
	url       = {http://arxiv.org/abs/1903.02891},
	archivePrefix = {arXiv},
	eprint    = {1903.02891},
	timestamp = {Sun, 31 Mar 2019 19:01:24 +0200},
	biburl    = {https://dblp.org/rec/journals/corr/abs-1903-02891.bib},
	bibsource = {dblp computer science bibliography, https://dblp.org}
}

@inproceedings{DBLP:conf/aistats/ReisizadehMHJP20,
	author    = {Amirhossein Reisizadeh and
	Aryan Mokhtari and
	Hamed Hassani and
	Ali Jadbabaie and
	Ramtin Pedarsani},
	editor    = {Silvia Chiappa and
	Roberto Calandra},
	title     = {FedPAQ: {A} Communication-Efficient Federated Learning Method with
	Periodic Averaging and Quantization},
	booktitle = {The 23rd International Conference on Artificial Intelligence and Statistics,
	{AISTATS} 2020, 26-28 August 2020, Online [Palermo, Sicily, Italy]},
	series    = {Proceedings of Machine Learning Research},
	volume    = {108},
	pages     = {2021--2031},
	publisher = {{PMLR}},
	year      = {2020},
	url       = {http://proceedings.mlr.press/v108/reisizadeh20a.html},
	timestamp = {Mon, 29 Jun 2020 18:03:58 +0200},
	biburl    = {https://dblp.org/rec/conf/aistats/ReisizadehMHJP20.bib},
	bibsource = {dblp computer science bibliography, https://dblp.org}
}

@inproceedings{DBLP:conf/nips/IvkinRUBSA19,
	author    = {Nikita Ivkin and
	Daniel Rothchild and
	Enayat Ullah and
	Vladimir Braverman and
	Ion Stoica and
	Raman Arora},
	editor    = {Hanna M. Wallach and
	Hugo Larochelle and
	Alina Beygelzimer and
	Florence d'Alch{\'{e}}{-}Buc and
	Emily B. Fox and
	Roman Garnett},
	title     = {Communication-efficient Distributed {SGD} with Sketching},
	booktitle = {Advances in Neural Information Processing Systems 32: Annual Conference
	on Neural Information Processing Systems 2019, NeurIPS 2019, 8-14
	December 2019, Vancouver, BC, Canada},
	pages     = {13144--13154},
	year      = {2019},
	url       = {http://papers.nips.cc/paper/9473-communication-efficient-distributed-sgd-with-sketching},
	timestamp = {Fri, 06 Mar 2020 16:59:35 +0100},
	biburl    = {https://dblp.org/rec/conf/nips/IvkinRUBSA19.bib},
	bibsource = {dblp computer science bibliography, https://dblp.org}
}

@article{DBLP:journals/fttcs/Muthukrishnan05,
	author    = {S. Muthukrishnan},
	title     = {Data Streams: Algorithms and Applications},
	journal   = {Found. Trends Theor. Comput. Sci.},
	volume    = {1},
	number    = {2},
	year      = {2005},
	url       = {https://doi.org/10.1561/0400000002},
	doi       = {10.1561/0400000002},
	timestamp = {Thu, 20 Aug 2020 22:50:53 +0200},
	biburl    = {https://dblp.org/rec/journals/fttcs/Muthukrishnan05.bib},
	bibsource = {dblp computer science bibliography, https://dblp.org}
}

@inproceedings{DBLP:conf/sigmod/JiangFY018,
	author    = {Jiawei Jiang and
	Fangcheng Fu and
	Tong Yang and
	Bin Cui},
	editor    = {Gautam Das and
	Christopher M. Jermaine and
	Philip A. Bernstein},
	title     = {SketchML: Accelerating Distributed Machine Learning with Data Sketches},
	booktitle = {Proceedings of the 2018 International Conference on Management of
	Data, {SIGMOD} Conference 2018, Houston, TX, USA, June 10-15, 2018},
	pages     = {1269--1284},
	publisher = {{ACM}},
	year      = {2018},
	url       = {https://doi.org/10.1145/3183713.3196894},
	doi       = {10.1145/3183713.3196894},
	timestamp = {Wed, 21 Nov 2018 12:44:08 +0100},
	biburl    = {https://dblp.org/rec/conf/sigmod/JiangFY018.bib},
	bibsource = {dblp computer science bibliography, https://dblp.org}
}

@inproceedings{DBLP:conf/aistats/ZhuKMSL20,
	author    = {Wennan Zhu and
	Peter Kairouz and
	Brendan McMahan and
	Haicheng Sun and
	Wei Li},
	editor    = {Silvia Chiappa and
	Roberto Calandra},
	title     = {Federated Heavy Hitters Discovery with Differential Privacy},
	booktitle = {The 23rd International Conference on Artificial Intelligence and Statistics,
	{AISTATS} 2020, 26-28 August 2020, Online [Palermo, Sicily, Italy]},
	series    = {Proceedings of Machine Learning Research},
	volume    = {108},
	pages     = {3837--3847},
	publisher = {{PMLR}},
	year      = {2020},
	url       = {http://proceedings.mlr.press/v108/zhu20a.html},
	timestamp = {Mon, 29 Jun 2020 18:03:58 +0200},
	biburl    = {https://dblp.org/rec/conf/aistats/ZhuKMSL20.bib},
	bibsource = {dblp computer science bibliography, https://dblp.org}
}

@article{DBLP:journals/corr/abs-1911-00972,
	author    = {Tian Li and
	Zaoxing Liu and
	Vyas Sekar and
	Virginia Smith},
	title     = {Privacy for Free: Communication-Efficient Learning with Differential
	Privacy Using Sketches},
	journal   = {CoRR},
	volume    = {abs/1911.00972},
	year      = {2019},
	url       = {http://arxiv.org/abs/1911.00972},
	archivePrefix = {arXiv},
	eprint    = {1911.00972},
	timestamp = {Mon, 11 Nov 2019 18:38:09 +0100},
	biburl    = {https://dblp.org/rec/journals/corr/abs-1911-00972.bib},
	bibsource = {dblp computer science bibliography, https://dblp.org}
}

@inproceedings{DBLP:conf/nips/TangGZZL18,
	author    = {Hanlin Tang and
	Shaoduo Gan and
	Ce Zhang and
	Tong Zhang and
	Ji Liu},
	editor    = {Samy Bengio and
	Hanna M. Wallach and
	Hugo Larochelle and
	Kristen Grauman and
	Nicol{\`{o}} Cesa{-}Bianchi and
	Roman Garnett},
	title     = {Communication Compression for Decentralized Training},
	booktitle = {Advances in Neural Information Processing Systems 31: Annual Conference
	on Neural Information Processing Systems 2018, NeurIPS 2018, 3-8 December
	2018, Montr{\'{e}}al, Canada},
	pages     = {7663--7673},
	year      = {2018},
	url       = {http://papers.nips.cc/paper/7992-communication-compression-for-decentralized-training},
	timestamp = {Fri, 06 Mar 2020 17:00:31 +0100},
	biburl    = {https://dblp.org/rec/conf/nips/TangGZZL18.bib},
	bibsource = {dblp computer science bibliography, https://dblp.org}
}

@article{DBLP:journals/corr/abs-1812-07210,
	author    = {Sebastian Caldas and
	Jakub Konecn{\'{y}} and
	H. Brendan McMahan and
	Ameet Talwalkar},
	title     = {Expanding the Reach of Federated Learning by Reducing Client Resource
	Requirements},
	journal   = {CoRR},
	volume    = {abs/1812.07210},
	year      = {2018},
	url       = {http://arxiv.org/abs/1812.07210},
	archivePrefix = {arXiv},
	eprint    = {1812.07210},
	timestamp = {Tue, 01 Jan 2019 15:01:25 +0100},
	biburl    = {https://dblp.org/rec/journals/corr/abs-1812-07210.bib},
	bibsource = {dblp computer science bibliography, https://dblp.org}
}

@article{DBLP:journals/pvldb/CaoSTC12,
	author    = {Caleb Chen Cao and
	Jieying She and
	Yongxin Tong and
	Lei Chen},
	title     = {Whom to Ask? Jury Selection for Decision Making Tasks on Micro-blog
	Services},
	journal   = {Proc. {VLDB} Endow.},
	volume    = {5},
	number    = {11},
	pages     = {1495--1506},
	year      = {2012},
	url       = {http://vldb.org/pvldb/vol5/p1495\_calebchencao\_vldb2012.pdf},
	doi       = {10.14778/2350229.2350264},
	timestamp = {Sat, 25 Apr 2020 13:59:03 +0200},
	biburl    = {https://dblp.org/rec/journals/pvldb/CaoSTC12.bib},
	bibsource = {dblp computer science bibliography, https://dblp.org}
}

@inproceedings{DBLP:conf/www/VenanziGKKS14,
	author    = {Matteo Venanzi and
	John Guiver and
	Gabriella Kazai and
	Pushmeet Kohli and
	Milad Shokouhi},
	editor    = {Chin{-}Wan Chung and
	Andrei Z. Broder and
	Kyuseok Shim and
	Torsten Suel},
	title     = {Community-based bayesian aggregation models for crowdsourcing},
	booktitle = {23rd International World Wide Web Conference, {WWW} '14, Seoul, Republic
	of Korea, April 7-11, 2014},
	pages     = {155--164},
	publisher = {{ACM}},
	year      = {2014},
	url       = {https://doi.org/10.1145/2566486.2567989},
	doi       = {10.1145/2566486.2567989},
	timestamp = {Tue, 06 Nov 2018 16:57:08 +0100},
	biburl    = {https://dblp.org/rec/conf/www/VenanziGKKS14.bib},
	bibsource = {dblp computer science bibliography, https://dblp.org}
}

@inproceedings{DBLP:conf/icml/HoJV13,
	author    = {Chien{-}Ju Ho and
	Shahin Jabbari and
	Jennifer Wortman Vaughan},
	title     = {Adaptive Task Assignment for Crowdsourced Classification},
	booktitle = {Proceedings of the 30th International Conference on Machine Learning,
	{ICML} 2013, Atlanta, GA, USA, 16-21 June 2013},
	series    = {{JMLR} Workshop and Conference Proceedings},
	volume    = {28},
	pages     = {534--542},
	publisher = {JMLR.org},
	year      = {2013},
	url       = {http://proceedings.mlr.press/v28/ho13.html},
	timestamp = {Wed, 29 May 2019 08:41:45 +0200},
	biburl    = {https://dblp.org/rec/conf/icml/HoJV13.bib},
	bibsource = {dblp computer science bibliography, https://dblp.org}
}

@inproceedings{DBLP:conf/www/DemartiniDC12,
	author    = {Gianluca Demartini and
	Djellel Eddine Difallah and
	Philippe Cudr{\'{e}}{-}Mauroux},
	editor    = {Alain Mille and
	Fabien L. Gandon and
	Jacques Misselis and
	Michael Rabinovich and
	Steffen Staab},
	title     = {ZenCrowd: leveraging probabilistic reasoning and crowdsourcing techniques
	for large-scale entity linking},
	booktitle = {Proceedings of the 21st World Wide Web Conference 2012, {WWW} 2012,
	Lyon, France, April 16-20, 2012},
	pages     = {469--478},
	publisher = {{ACM}},
	year      = {2012},
	url       = {https://doi.org/10.1145/2187836.2187900},
	doi       = {10.1145/2187836.2187900},
	timestamp = {Sat, 19 Oct 2019 20:10:36 +0200},
	biburl    = {https://dblp.org/rec/conf/www/DemartiniDC12.bib},
	bibsource = {dblp computer science bibliography, https://dblp.org}
}

@article{DBLP:journals/corr/abs-1912-04977,
	author    = {Peter Kairouz and
	H. Brendan McMahan and
	Brendan Avent and
	Aur{\'{e}}lien Bellet and
	Mehdi Bennis and
	Arjun Nitin Bhagoji and
	Keith Bonawitz and
	Zachary Charles and
	Graham Cormode and
	Rachel Cummings and
	Rafael G. L. D'Oliveira and
	Salim El Rouayheb and
	David Evans and
	Josh Gardner and
	Zachary Garrett and
	Adri{\`{a}} Gasc{\'{o}}n and
	Badih Ghazi and
	Phillip B. Gibbons and
	Marco Gruteser and
	Za{\"{\i}}d Harchaoui and
	Chaoyang He and
	Lie He and
	Zhouyuan Huo and
	Ben Hutchinson and
	Justin Hsu and
	Martin Jaggi and
	Tara Javidi and
	Gauri Joshi and
	Mikhail Khodak and
	Jakub Konecn{\'{y}} and
	Aleksandra Korolova and
	Farinaz Koushanfar and
	Sanmi Koyejo and
	Tancr{\`{e}}de Lepoint and
	Yang Liu and
	Prateek Mittal and
	Mehryar Mohri and
	Richard Nock and
	Ayfer {\"{O}}zg{\"{u}}r and
	Rasmus Pagh and
	Mariana Raykova and
	Hang Qi and
	Daniel Ramage and
	Ramesh Raskar and
	Dawn Song and
	Weikang Song and
	Sebastian U. Stich and
	Ziteng Sun and
	Ananda Theertha Suresh and
	Florian Tram{\`{e}}r and
	Praneeth Vepakomma and
	Jianyu Wang and
	Li Xiong and
	Zheng Xu and
	Qiang Yang and
	Felix X. Yu and
	Han Yu and
	Sen Zhao},
	title     = {Advances and Open Problems in Federated Learning},
	journal   = {CoRR},
	volume    = {abs/1912.04977},
	year      = {2019},
	url       = {http://arxiv.org/abs/1912.04977},
	archivePrefix = {arXiv},
	eprint    = {1912.04977},
	timestamp = {Wed, 22 Jul 2020 10:49:36 +0200},
	biburl    = {https://dblp.org/rec/journals/corr/abs-1912-04977.bib},
	bibsource = {dblp computer science bibliography, https://dblp.org}
}

@article{DBLP:journals/comsur/LimLHJLYNM20,
	author    = {Wei Yang Bryan Lim and
	Nguyen Cong Luong and
	Dinh Thai Hoang and
	Yutao Jiao and
	Ying{-}Chang Liang and
	Qiang Yang and
	Dusit Niyato and
	Chunyan Miao},
	title     = {Federated Learning in Mobile Edge Networks: {A} Comprehensive Survey},
	journal   = {{IEEE} Commun. Surv. Tutorials},
	volume    = {22},
	number    = {3},
	pages     = {2031--2063},
	year      = {2020},
	url       = {https://doi.org/10.1109/COMST.2020.2986024},
	doi       = {10.1109/COMST.2020.2986024},
	timestamp = {Mon, 31 Aug 2020 16:55:53 +0200},
	biburl    = {https://dblp.org/rec/journals/comsur/LimLHJLYNM20.bib},
	bibsource = {dblp computer science bibliography, https://dblp.org}
}

@article{DBLP:journals/corr/abs-1806-00582,
	author    = {Yue Zhao and
	Meng Li and
	Liangzhen Lai and
	Naveen Suda and
	Damon Civin and
	Vikas Chandra},
	title     = {Federated Learning with Non-IID Data},
	journal   = {CoRR},
	volume    = {abs/1806.00582},
	year      = {2018},
	url       = {http://arxiv.org/abs/1806.00582},
	archivePrefix = {arXiv},
	eprint    = {1806.00582},
	timestamp = {Mon, 13 Aug 2018 16:48:21 +0200},
	biburl    = {https://dblp.org/rec/journals/corr/abs-1806-00582.bib},
	bibsource = {dblp computer science bibliography, https://dblp.org}
}

@inproceedings{DBLP:conf/iclr/LiHYWZ20,
	author    = {Xiang Li and
	Kaixuan Huang and
	Wenhao Yang and
	Shusen Wang and
	Zhihua Zhang},
	title     = {On the Convergence of FedAvg on Non-IID Data},
	booktitle = {8th International Conference on Learning Representations, {ICLR} 2020,
	Addis Ababa, Ethiopia, April 26-30, 2020},
	publisher = {OpenReview.net},
	year      = {2020},
	url       = {https://openreview.net/forum?id=HJxNAnVtDS},
	timestamp = {Wed, 10 Jun 2020 14:27:15 +0200},
	biburl    = {https://dblp.org/rec/conf/iclr/LiHYWZ20.bib},
	bibsource = {dblp computer science bibliography, https://dblp.org}
}

@inproceedings{DBLP:conf/infocom/WangKNL20,
	author    = {Hao Wang and
	Zakhary Kaplan and
	Di Niu and
	Baochun Li},
	title     = {Optimizing Federated Learning on Non-IID Data with Reinforcement Learning},
	booktitle = {39th {IEEE} Conference on Computer Communications, {INFOCOM} 2020,
	Toronto, ON, Canada, July 6-9, 2020},
	pages     = {1698--1707},
	publisher = {{IEEE}},
	year      = {2020},
	url       = {https://doi.org/10.1109/INFOCOM41043.2020.9155494},
	doi       = {10.1109/INFOCOM41043.2020.9155494},
	timestamp = {Mon, 10 Aug 2020 17:45:33 +0200},
	biburl    = {https://dblp.org/rec/conf/infocom/WangKNL20.bib},
	bibsource = {dblp computer science bibliography, https://dblp.org}
}

@inproceedings{DBLP:conf/iclr/PengHZS20,
	author    = {Xingchao Peng and
	Zijun Huang and
	Yizhe Zhu and
	Kate Saenko},
	title     = {Federated Adversarial Domain Adaptation},
	booktitle = {8th International Conference on Learning Representations, {ICLR} 2020,
	Addis Ababa, Ethiopia, April 26-30, 2020},
	publisher = {OpenReview.net},
	year      = {2020},
	url       = {https://openreview.net/forum?id=HJezF3VYPB},
	timestamp = {Thu, 07 May 2020 17:11:47 +0200},
	biburl    = {https://dblp.org/rec/conf/iclr/PengHZS20.bib},
	bibsource = {dblp computer science bibliography, https://dblp.org}
}

@inproceedings{DBLP:conf/icml/YurochkinAGGHK19,
	author    = {Mikhail Yurochkin and
	Mayank Agarwal and
	Soumya Ghosh and
	Kristjan H. Greenewald and
	Trong Nghia Hoang and
	Yasaman Khazaeni},
	editor    = {Kamalika Chaudhuri and
	Ruslan Salakhutdinov},
	title     = {Bayesian Nonparametric Federated Learning of Neural Networks},
	booktitle = {Proceedings of the 36th International Conference on Machine Learning,
	{ICML} 2019, 9-15 June 2019, Long Beach, California, {USA}},
	series    = {Proceedings of Machine Learning Research},
	volume    = {97},
	pages     = {7252--7261},
	publisher = {{PMLR}},
	year      = {2019},
	url       = {http://proceedings.mlr.press/v97/yurochkin19a.html},
	timestamp = {Tue, 11 Jun 2019 15:37:38 +0200},
	biburl    = {https://dblp.org/rec/conf/icml/YurochkinAGGHK19.bib},
	bibsource = {dblp computer science bibliography, https://dblp.org}
}

@inproceedings{DBLP:conf/nips/SmithCST17,
	author    = {Virginia Smith and
	Chao{-}Kai Chiang and
	Maziar Sanjabi and
	Ameet S. Talwalkar},
	editor    = {Isabelle Guyon and
	Ulrike von Luxburg and
	Samy Bengio and
	Hanna M. Wallach and
	Rob Fergus and
	S. V. N. Vishwanathan and
	Roman Garnett},
	title     = {Federated Multi-Task Learning},
	booktitle = {Advances in Neural Information Processing Systems 30: Annual Conference
	on Neural Information Processing Systems 2017, 4-9 December 2017,
	Long Beach, CA, {USA}},
	pages     = {4424--4434},
	year      = {2017},
	url       = {http://papers.nips.cc/paper/7029-federated-multi-task-learning},
	timestamp = {Fri, 06 Mar 2020 17:00:33 +0100},
	biburl    = {https://dblp.org/rec/conf/nips/SmithCST17.bib},
	bibsource = {dblp computer science bibliography, https://dblp.org}
}

@inproceedings{DBLP:conf/iclr/WangYSPK20,
	author    = {Hongyi Wang and
	Mikhail Yurochkin and
	Yuekai Sun and
	Dimitris S. Papailiopoulos and
	Yasaman Khazaeni},
	title     = {Federated Learning with Matched Averaging},
	booktitle = {8th International Conference on Learning Representations, {ICLR} 2020,
	Addis Ababa, Ethiopia, April 26-30, 2020},
	publisher = {OpenReview.net},
	year      = {2020},
	url       = {https://openreview.net/forum?id=BkluqlSFDS},
	timestamp = {Thu, 07 May 2020 17:11:48 +0200},
	biburl    = {https://dblp.org/rec/conf/iclr/WangYSPK20.bib},
	bibsource = {dblp computer science bibliography, https://dblp.org}
}

@article{DBLP:journals/corr/abs-1812-06127,
	author    = {Anit Kumar Sahu and
	Tian Li and
	Maziar Sanjabi and
	Manzil Zaheer and
	Ameet Talwalkar and
	Virginia Smith},
	title     = {On the Convergence of Federated Optimization in Heterogeneous Networks},
	journal   = {CoRR},
	volume    = {abs/1812.06127},
	year      = {2018},
	url       = {http://arxiv.org/abs/1812.06127},
	archivePrefix = {arXiv},
	eprint    = {1812.06127},
	timestamp = {Tue, 01 Jan 2019 15:01:25 +0100},
	biburl    = {https://dblp.org/rec/journals/corr/abs-1812-06127.bib},
	bibsource = {dblp computer science bibliography, https://dblp.org}
}

@article{DBLP:journals/corr/abs-1811-11479,
	author    = {Eunjeong Jeong and
	Seungeun Oh and
	Hyesung Kim and
	Jihong Park and
	Mehdi Bennis and
	Seong{-}Lyun Kim},
	title     = {Communication-Efficient On-Device Machine Learning: Federated Distillation
	and Augmentation under Non-IID Private Data},
	journal   = {CoRR},
	volume    = {abs/1811.11479},
	year      = {2018},
	url       = {http://arxiv.org/abs/1811.11479},
	archivePrefix = {arXiv},
	eprint    = {1811.11479},
	timestamp = {Fri, 30 Nov 2018 12:44:28 +0100},
	biburl    = {https://dblp.org/rec/journals/corr/abs-1811-11479.bib},
	bibsource = {dblp computer science bibliography, https://dblp.org}
}

@article{DBLP:journals/pvldb/FernandezSF20,
	author    = {Raul Castro Fernandez and
	Pranav Subramaniam and
	Michael Franklin},
	title     = {Data Market Platforms: Trading Data Assets to Solve Data Problems},
	journal   = {Proc. {VLDB} Endow.},
	volume    = {13},
	number    = {11},
	pages     = {1933--1947},
	year      = {2020},
	url       = {http://www.vldb.org/pvldb/vol13/p1933-fernandez.pdf},
	timestamp = {Mon, 17 Aug 2020 18:32:39 +0200},
	biburl    = {https://dblp.org/rec/journals/pvldb/FernandezSF20.bib},
	bibsource = {dblp computer science bibliography, https://dblp.org}
}

@inproceedings{DBLP:conf/iclr/LiSBS20,
	author    = {Tian Li and
	Maziar Sanjabi and
	Ahmad Beirami and
	Virginia Smith},
	title     = {Fair Resource Allocation in Federated Learning},
	booktitle = {8th International Conference on Learning Representations, {ICLR} 2020,
	Addis Ababa, Ethiopia, April 26-30, 2020},
	publisher = {OpenReview.net},
	year      = {2020},
	url       = {https://openreview.net/forum?id=ByexElSYDr},
	timestamp = {Thu, 07 May 2020 17:11:48 +0200},
	biburl    = {https://dblp.org/rec/conf/iclr/LiSBS20.bib},
	bibsource = {dblp computer science bibliography, https://dblp.org}
}

@inproceedings{DBLP:conf/icml/MohriSS19,
	author    = {Mehryar Mohri and
	Gary Sivek and
	Ananda Theertha Suresh},
	editor    = {Kamalika Chaudhuri and
	Ruslan Salakhutdinov},
	title     = {Agnostic Federated Learning},
	booktitle = {Proceedings of the 36th International Conference on Machine Learning,
	{ICML} 2019, 9-15 June 2019, Long Beach, California, {USA}},
	series    = {Proceedings of Machine Learning Research},
	volume    = {97},
	pages     = {4615--4625},
	publisher = {{PMLR}},
	year      = {2019},
	url       = {http://proceedings.mlr.press/v97/mohri19a.html},
	timestamp = {Tue, 11 Jun 2019 15:37:38 +0200},
	biburl    = {https://dblp.org/rec/conf/icml/MohriSS19.bib},
	bibsource = {dblp computer science bibliography, https://dblp.org}
}

@inproceedings{DBLP:conf/nips/BagdasaryanPS19,
	author    = {Eugene Bagdasaryan and
	Omid Poursaeed and
	Vitaly Shmatikov},
	editor    = {Hanna M. Wallach and
	Hugo Larochelle and
	Alina Beygelzimer and
	Florence d'Alch{\'{e}}{-}Buc and
	Emily B. Fox and
	Roman Garnett},
	title     = {Differential Privacy Has Disparate Impact on Model Accuracy},
	booktitle = {Advances in Neural Information Processing Systems 32: Annual Conference
	on Neural Information Processing Systems 2019, NeurIPS 2019, 8-14
	December 2019, Vancouver, BC, Canada},
	pages     = {15453--15462},
	year      = {2019},
	url       = {http://papers.nips.cc/paper/9681-differential-privacy-has-disparate-impact-on-model-accuracy},
	timestamp = {Fri, 06 Mar 2020 16:59:09 +0100},
	biburl    = {https://dblp.org/rec/conf/nips/BagdasaryanPS19.bib},
	bibsource = {dblp computer science bibliography, https://dblp.org}
}

@article{DBLP:journals/tifs/PhongAHWM18,
	author    = {Le Trieu Phong and
	Yoshinori Aono and
	Takuya Hayashi and
	Lihua Wang and
	Shiho Moriai},
	title     = {Privacy-Preserving Deep Learning via Additively Homomorphic Encryption},
	journal   = {{IEEE} Trans. Inf. Forensics Secur.},
	volume    = {13},
	number    = {5},
	pages     = {1333--1345},
	year      = {2018},
	url       = {https://doi.org/10.1109/TIFS.2017.2787987},
	doi       = {10.1109/TIFS.2017.2787987},
	timestamp = {Thu, 06 Aug 2020 13:53:23 +0200},
	biburl    = {https://dblp.org/rec/journals/tifs/PhongAHWM18.bib},
	bibsource = {dblp computer science bibliography, https://dblp.org}
}

@inproceedings{DBLP:conf/mlsys/BonawitzEGHIIKK19,
	author    = {Keith Bonawitz and
	Hubert Eichner and
	Wolfgang Grieskamp and
	Dzmitry Huba and
	Alex Ingerman and
	Vladimir Ivanov and
	Chlo{\'{e}} Kiddon and
	Jakub Konecn{\'{y}} and
	Stefano Mazzocchi and
	Brendan McMahan and
	Timon Van Overveldt and
	David Petrou and
	Daniel Ramage and
	Jason Roselander},
	editor    = {Ameet Talwalkar and
	Virginia Smith and
	Matei Zaharia},
	title     = {Towards Federated Learning at Scale: System Design},
	booktitle = {Proceedings of Machine Learning and Systems 2019, MLSys 2019, Stanford,
	CA, USA, March 31 - April 2, 2019},
	publisher = {mlsys.org},
	year      = {2019},
	url       = {https://proceedings.mlsys.org/book/271.pdf},
	timestamp = {Thu, 18 Jun 2020 15:48:01 +0200},
	biburl    = {https://dblp.org/rec/conf/mlsys/BonawitzEGHIIKK19.bib},
	bibsource = {dblp computer science bibliography, https://dblp.org}
}

@article{DBLP:journals/corr/abs-1812-01097,
	author    = {Sebastian Caldas and
	Peter Wu and
	Tian Li and
	Jakub Konecn{\'{y}} and
	H. Brendan McMahan and
	Virginia Smith and
	Ameet Talwalkar},
	title     = {{LEAF:} {A} Benchmark for Federated Settings},
	journal   = {CoRR},
	volume    = {abs/1812.01097},
	year      = {2018},
	url       = {http://arxiv.org/abs/1812.01097},
	archivePrefix = {arXiv},
	eprint    = {1812.01097},
	timestamp = {Tue, 01 Jan 2019 15:01:25 +0100},
	biburl    = {https://dblp.org/rec/journals/corr/abs-1812-01097.bib},
	bibsource = {dblp computer science bibliography, https://dblp.org}
}

@article{DBLP:journals/corr/abs-2007-13518,
	author    = {Chaoyang He and
	Songze Li and
	Jinhyun So and
	Mi Zhang and
	Hongyi Wang and
	Xiaoyang Wang and
	Praneeth Vepakomma and
	Abhishek Singh and
	Hang Qiu and
	Li Shen and
	Peilin Zhao and
	Yan Kang and
	Yang Liu and
	Ramesh Raskar and
	Qiang Yang and
	Murali Annavaram and
	Salman Avestimehr},
	title     = {FedML: {A} Research Library and Benchmark for Federated Machine Learning},
	journal   = {CoRR},
	volume    = {abs/2007.13518},
	year      = {2020},
	url       = {https://arxiv.org/abs/2007.13518},
	archivePrefix = {arXiv},
	eprint    = {2007.13518},
	timestamp = {Wed, 29 Jul 2020 15:36:39 +0200},
	biburl    = {https://dblp.org/rec/journals/corr/abs-2007-13518.bib},
	bibsource = {dblp computer science bibliography, https://dblp.org}
}

@article{DBLP:journals/jsac/WangTSLMHC19,
	author    = {Shiqiang Wang and
	Tiffany Tuor and
	Theodoros Salonidis and
	Kin K. Leung and
	Christian Makaya and
	Ting He and
	Kevin Chan},
	title     = {Adaptive Federated Learning in Resource Constrained Edge Computing
	Systems},
	journal   = {{IEEE} J. Sel. Areas Commun.},
	volume    = {37},
	number    = {6},
	pages     = {1205--1221},
	year      = {2019},
	url       = {https://doi.org/10.1109/JSAC.2019.2904348},
	doi       = {10.1109/JSAC.2019.2904348},
	timestamp = {Thu, 02 Apr 2020 08:38:58 +0200},
	biburl    = {https://dblp.org/rec/journals/jsac/WangTSLMHC19.bib},
	bibsource = {dblp computer science bibliography, https://dblp.org}
}

@inproceedings{DBLP:conf/infocom/TranBZMH19,
	author    = {Nguyen H. Tran and
	Wei Bao and
	Albert Y. Zomaya and
	Minh N. H. Nguyen and
	Choong Seon Hong},
	title     = {Federated Learning over Wireless Networks: Optimization Model Design
	and Analysis},
	booktitle = {2019 {IEEE} Conference on Computer Communications, {INFOCOM} 2019,
	Paris, France, April 29 - May 2, 2019},
	pages     = {1387--1395},
	publisher = {{IEEE}},
	year      = {2019},
	url       = {https://doi.org/10.1109/INFOCOM.2019.8737464},
	doi       = {10.1109/INFOCOM.2019.8737464},
	timestamp = {Wed, 10 Jun 2020 09:02:34 +0200},
	biburl    = {https://dblp.org/rec/conf/infocom/TranBZMH19.bib},
	bibsource = {dblp computer science bibliography, https://dblp.org}
}

@article{DBLP:journals/network/WangHWZCC19,
	author    = {Xiaofei Wang and
	Yiwen Han and
	Chenyang Wang and
	Qiyang Zhao and
	Xu Chen and
	Min Chen},
	title     = {In-Edge {AI:} Intelligentizing Mobile Edge Computing, Caching and
	Communication by Federated Learning},
	journal   = {{IEEE} Network},
	volume    = {33},
	number    = {5},
	pages     = {156--165},
	year      = {2019},
	url       = {https://doi.org/10.1109/MNET.2019.1800286},
	doi       = {10.1109/MNET.2019.1800286},
	timestamp = {Tue, 09 Jun 2020 08:58:03 +0200},
	biburl    = {https://dblp.org/rec/journals/network/WangHWZCC19.bib},
	bibsource = {dblp computer science bibliography, https://dblp.org}
}

@inproceedings{DBLP:conf/icc/NishioY19,
	author    = {Takayuki Nishio and
	Ryo Yonetani},
	title     = {Client Selection for Federated Learning with Heterogeneous Resources
	in Mobile Edge},
	booktitle = {2019 {IEEE} International Conference on Communications, {ICC} 2019,
	Shanghai, China, May 20-24, 2019},
	pages     = {1--7},
	publisher = {{IEEE}},
	year      = {2019},
	url       = {https://doi.org/10.1109/ICC.2019.8761315},
	doi       = {10.1109/ICC.2019.8761315},
	timestamp = {Wed, 16 Oct 2019 14:14:50 +0200},
	biburl    = {https://dblp.org/rec/conf/icc/NishioY19.bib},
	bibsource = {dblp computer science bibliography, https://dblp.org}
}

@article{DBLP:journals/corr/abs-1909-07972,
	author    = {Mingzhe Chen and
	Zhaohui Yang and
	Walid Saad and
	Changchuan Yin and
	H. Vincent Poor and
	Shuguang Cui},
	title     = {A Joint Learning and Communications Framework for Federated Learning
	over Wireless Networks},
	journal   = {CoRR},
	volume    = {abs/1909.07972},
	year      = {2019},
	url       = {http://arxiv.org/abs/1909.07972},
	archivePrefix = {arXiv},
	eprint    = {1909.07972},
	timestamp = {Tue, 24 Sep 2019 11:33:51 +0200},
	biburl    = {https://dblp.org/rec/journals/corr/abs-1909-07972.bib},
	bibsource = {dblp computer science bibliography, https://dblp.org}
}