
@inproceedings{philippenko2021preserved,
 author = {Philippenko, Constantin and Dieuleveut, Aymeric},
 booktitle = {NeurIPS},
 _editor = {M. Ranzato and A. Beygelzimer and Y. Dauphin and P.S. Liang and J. Wortman Vaughan},
 _pages = {2387--2399},
 title = {Preserved central model for faster bidirectional compression in distributed settings},
 _volume = {34},
 year = {2021}
}



@inproceedings{huba2021papaya,
  author = {Huba, Dzmitry and Nguyen, John and Malik, Kshitiz and Zhu, Ruiyu and Rabbat, Mike and Yousefpour, Ashkan and Wu, Carole-Jean and Zhan, Hongyuan and Ustinov, Pavel and Srinivas, Harish and Wang, Kaikai and Shoumikhin, Anthony and Min, Jesik and Malek, Mani},
  title = {Papaya: Practical, Private, and Scalable Federated Learning},
  year = {2022},
  booktitle = {MLSys}
}

@article{kairouz2019advances,
  author = {Peter {Kairouz et al.}},
  title = {Advances and Open Problems in Federated Learning},
  year = {2021},
  publisher = {Now Publishers Inc.},
  volume = {14},
  number = {1–2},
  journal = {Found. Trends Mach. Learn.},
}
#  and McMahan, H. Brendan and Avent, Brendan and Bellet, Aurélien and Bennis, Mehdi and Bhagoji, Arjun Nitin and Bonawitz, Kallista and Charles, Zachary and Cormode, Graham and Cummings, Rachel and D'Oliveira, Rafael G. L. and Eichner, Hubert and Rouayheb, Salim El and Evans, David and Gardner, Josh and Garrett, Zachary and Gascón, Adrià and Ghazi, Badih and Gibbons, Phillip B. and Gruteser, Marco and Harchaoui, Zaid and He, Chaoyang and He, Lie and Huo, Zhouyuan and Hutchinson, Ben and Hsu, Justin and Jaggi, Martin and Javidi, Tara and Joshi, Gauri and Khodak, Mikhail and Konečný, Jakub and Korolova, Aleksandra and Koushanfar, Farinaz and Koyejo, Sanmi and Lepoint, Tancrède and Liu, Yang and Mittal, Prateek and Mohri, Mehryar and Nock, Richard and Özgür, Ayfer and Pagh, Rasmus and Raykova, Mariana and Qi, Hang and Ramage, Daniel and Raskar, Ramesh and Song, Dawn and Song, Weikang and Stich, Sebastian U. and Sun, Ziteng and Suresh, Ananda Theertha and Tramèr, Florian and Vepakomma, Praneeth and Wang, Jianyu and Xiong, Li and Xu, Zheng and Yang, Qiang and Yu, Felix X. and Yu, Han and Zhao, Sen,

@inproceedings{nguyen2021federated,
    title={Federated Learning with Buffered Asynchronous Aggregation},
    author={John Nguyen and Kshitiz Malik and Hongyuan Zhan and Ashkan Yousefpour and Michael Rabbat and Mani Malek and Dzmitry Huba},
  booktitle = {AISTATS},
  _pages     = {3581-3607},
  year      = {2022},
}

@article{qiu2021first,
  title={A first look into the carbon footprint of federated learning},
  author={Qiu, Xinchi and Parcollet, Titouan and Fernandez-Marques, Javier and de Gusmao, Pedro Porto Buarque and Beutel, Daniel J and Topal, Taner and Mathur, Akhil and Lane, Nicholas D},
  journal={arXiv}, 
  volume ={2102.07627},
  year={2021}
}

@inproceedings{bell2020secure,
  title={Secure single-server aggregation with (poly) logarithmic overhead},
  author={Bell, James Henry and Bonawitz, Kallista A and Gasc{\'o}n, Adri{\`a} and Lepoint, Tancr{\`e}de and Raykova, Mariana},
  booktitle={ACM CCS},
  _pages={1253--1269},
  year={2020}
}

@inproceedings{bonavitz2019federated,
  author    = {Kallista A. Bonawitz and
               Fariborz Salehi and
               Jakub Kone{\v{c}}n{\'y} and
               Brendan McMahan and
               Marco Gruteser},
  _editor    = {Michael B. Matthews},
  title     = {Federated Learning with Autotuned Communication-Efficient Secure Aggregation},
  booktitle = {ACSCC},
  _pages     = {1222--1226},
  publisher = {{IEEE}},
  year      = {2019},
}

@misc{chen2016training,
    title={Training Deep Nets with Sublinear Memory Cost},
    author={Tianqi Chen and Bing Xu and Chiyuan Zhang and Carlos Guestrin},
    year={2016},
    eprint={1604.06174},
    archivePrefix={arXiv},
    primaryClass={cs.LG}
}

@misc{kim2021autofl,
    title={AutoFL: Enabling Heterogeneity-Aware Energy Efficient Federated Learning},
    author={Young Geun Kim and Carole-Jean Wu},
    year={2021},
    eprint={2107.08147},
    archivePrefix={arXiv},
    primaryClass={cs.LG}
}

@inproceedings{
    watson2021importance,
    title={On the Importance of Difficulty Calibration in Membership Inference Attacks},
    author={Lauren Watson and Chuan Guo and Graham Cormode and Alexandre Sablayrolles},
    booktitle={ICLR},
    year={2022},
}


@article{carlini2021membership,
  author    = {Nicholas Carlini and
               Steve Chien and
               Milad Nasr and
               Shuang Song and
               Andreas Terzis and
               Florian Tram{\`{e}}r},
  title     = {Membership Inference Attacks From First Principles},
  journal   = {CoRR},
  volume    = {abs/2112.03570},
  year      = {2021},
}

@inproceedings{carlini2020extracting,
  author    = {Nicholas Carlini and
               Florian Tram{\`{e}}r and
               Eric Wallace and
               Matthew Jagielski and
               Ariel Herbert{-}Voss and
               Katherine Lee and
               Adam Roberts and
               Tom B. Brown and
               Dawn Song and
               {\'{U}}lfar Erlingsson and
               Alina Oprea and
               Colin Raffel},
  _editor    = {Michael Bailey and
               Rachel Greenstadt},
  title     = {Extracting Training Data from Large Language Models},
  booktitle = {{USENIX} Security Symposium},
  _pages     = {2633--2650},
  year      = {2021},
}

@misc{hatamizadeh2022gradvit,
    title={GradViT: Gradient Inversion of Vision Transformers},
    author={Ali Hatamizadeh and Hongxu Yin and Holger Roth and Wenqi Li and Jan Kautz and Daguang Xu and Pavlo Molchanov},
    year={2022},
    eprint={2203.11894},
    archivePrefix={arXiv},
    primaryClass={cs.CV}
}

@inproceedings{geiping2020inverting,
 author = {Geiping, Jonas and Bauermeister, Hartmut and Dr\"{o}ge, Hannah and Moeller, Michael},
 booktitle = {NeurIPS},
 _editor = {H. Larochelle and M. Ranzato and R. Hadsell and M.F. Balcan and H. Lin},
 _pages = {16937--16947},
 title = {Inverting Gradients---{H}ow easy is it to break privacy in federated learning?},
 year = {2020}
}

@inproceedings{abadi2016deep,
author = {Abadi, Martín and Chu, Andy and Goodfellow, Ian and McMahan, H. Brendan and Mironov, Ilya and Talwar, Kunal and Zhang, Li},
title = {Deep Learning with Differential Privacy},
year = {2016},
booktitle = {ACM CCS}, 
_pages = {308–318},
}

@inproceedings{dwork2006calibrating,
author = {Dwork, Cynthia and McSherry, Frank and Nissim, Kobbi and Smith, Adam},
title = {Calibrating Noise to Sensitivity in Private Data Analysis},
year = {2006},
booktitle = {Proceedings of the Third Conference on Theory of Cryptography},
_pages = {265–284},
}

@inproceedings{gupta2015deep,
  author    = {Suyog Gupta and
               Ankur Agrawal and
               Kailash Gopalakrishnan and
               Pritish Narayanan},
  _editor    = {Francis R. Bach and
               David M. Blei},
  title     = {Deep Learning with Limited Numerical Precision},
  booktitle = {ICML},
  _volume    = {37},
  _pages     = {1737--1746},
  year      = {2015},
}

@InProceedings{jacob2017quantization,
    author = {Jacob, Benoit and Kligys, Skirmantas and Chen, Bo and Zhu, Menglong and Tang, Matthew and Howard, Andrew and Adam, Hartwig and Kalenichenko, Dmitry},
    title = {Quantization and Training of Neural Networks for Efficient Integer-Arithmetic-Only Inference},
    booktitle = {IEEE CVPR},
    month = jun,
    year = {2018},
    _pages = {2704-2713}
}

@article{krishnamoorthi2018quantizing,
  author    = {Raghuraman Krishnamoorthi},
  title     = {Quantizing deep convolutional networks for efficient inference},
  journal   = {CoRR},
  volume    = {1806.08342},
  year      = {2018},
  eprinttype = {arXiv},
  eprint    = {1806.08342},
  timestamp = {Mon, 13 Aug 2018 16:48:27 +0200},
  biburl    = {https://dblp.org/rec/journals/corr/abs-1806-08342.bib},
  bibsource = {dblp computer science bibliography, https://dblp.org}
}
@inproceedings{lecun1990optimal,
    author = {Le Cun, Yann and Denker, John S. and Solla, Sara A.},
    title = {Optimal Brain Damage},
    year = {1989},
    booktitle = {NeurIPS},
    _pages = {598–605},
}


@inproceedings{hassabi1992second,
 author = {Hassibi, Babak and Stork, David G.},
 booktitle = {NeurIPS},
 title = {Second order derivatives for network pruning: {O}ptimal {B}rain {S}urgeon},
 year = {1992},
 _pages = {164-171}
}

@misc{liu2022unreasonable,
    title={The Unreasonable Effectiveness of Random Pruning: Return of the Most Naive Baseline for Sparse Training},
    author={Shiwei Liu and Tianlong Chen and Xiaohan Chen and Li Shen and Decebal Constantin Mocanu and Zhangyang Wang and Mykola Pechenizkiy},
    year={2022},
    eprint={2202.02643},
    archivePrefix={arXiv},
    primaryClass={cs.LG}
}

    @inproceedings{parcollet2022zerofl,
  TITLE = {{ZeroFL}: Efficient On-Device Training for Federated Learning with Local Sparsity},
  AUTHOR = {Parcollet, Titouan and Fernandez-Marques, Javier and PB Gusmao, Pedro and Gao, Yan and Lane, Nicholas D.},
  BOOKTITLE = {ICLR},
  YEAR = {2022},
}

@misc{triastcyn2021dprec,
    title={{DP-REC}: Private \& Communication-Efficient Federated Learning},
    author={Aleksei Triastcyn and Matthias Reisser and Christos Louizos},
    year={2021},
    eprint={2111.05454},
    archivePrefix={arXiv},
    primaryClass={cs.LG}
}

@inproceedings{wang2018atomo,
 author = {Wang, Hongyi and Sievert, Scott and Liu, Shengchao and Charles, Zachary and Papailiopoulos, Dimitris and Wright, Stephen},
 booktitle = {NeurIPS},
 _editor = {S. Bengio and H. Wallach and H. Larochelle and K. Grauman and N. Cesa-Bianchi and R. Garnett},
 title = {{ATOMO}: Communication-efficient Learning via Atomic Sparsification},
 _volume = {31},
 year = {2018}
}



@inproceedings{seide2014bit,
  author = {Seide, Frank and Fu, Hao and Droppo, Jasha and Li, Gang and Yu, Dong},
  title = {1-bit stochastic gradient descent and its application to data-parallel distributed training of speech {DNNs}.},
    booktitle = {{INTERSPEECH}},
  _pages     = {1058--1062},
  year = 2014
}

@article{wang2022fedlite,
    title={FedLite: A Scalable Approach for Federated Learning on Resource-constrained Clients},
    author={Jianyu Wang and Hang Qi and Ankit Singh Rawat and Sashank Reddi and Sagar Waghmare and Felix X. Yu and Gauri Joshi},
    year={2022},
    journal = {CoRR},
    volume={2201.11865},
    archivePrefix={arXiv},
    primaryClass={cs.LG}
}

@inproceedings{yu2018gradiveq,
    author = {Yu, Mingchao and Lin, Zhifeng and Narra, Krishna and Li, Songze and Li, Youjie and Kim, Nam Sung and Schwing, Alexander and Annavaram, Murali and Avestimehr, Salman},
    title = {{GradiVeQ}: Vector Quantization for Bandwidth-Efficient Gradient Aggregation in Distributed {CNN} Training},
    year = {2018},
    booktitle = {NeurIPS},
    _pages = {5129–5139},
    num_pages = {11},
}

@inproceedings{wen2017terngrad,
 author = {Wen, Wei and Xu, Cong and Yan, Feng and Wu, Chunpeng and Wang, Yandan and Chen, Yiran and Li, Hai},
 booktitle = {NeurIPS},
 _editor = {I. Guyon and U. Von Luxburg and S. Bengio and H. Wallach and R. Fergus and S. Vishwanathan and R. Garnett},
 title = {{TernGrad}: Ternary Gradients to Reduce Communication in Distributed Deep Learning},
 year = {2017}
}



@inproceedings{alistarh2016qsgd,
 author = {Alistarh, Dan and Grubic, Demjan and Li, Jerry and Tomioka, Ryota and Vojnovic, Milan},
 booktitle = {NeurIPS}, 
 _editor = {I. Guyon and U. Von Luxburg and S. Bengio and H. Wallach and R. Fergus and S. Vishwanathan and R. Garnett},
 _pages = {},
 title = {{QSGD}: {C}ommunication-Efficient {SGD} via Gradient Quantization and Encoding},
 _volume = {30},
 year = {2017}
}

@inproceedings{vogels2019powersgd,
 author = {Vogels, Thijs and Karimireddy, Sai Praneeth and Jaggi, Martin},
 booktitle = {NeurIPS},
 _editor = {H. Wallach and H. Larochelle and A. Beygelzimer and F. d\textquotesingle Alch\'{e}-Buc and E. Fox and R. Garnett},
 title = {{PowerSGD}: Practical Low-Rank Gradient Compression for Distributed Optimization},
 _volume = {32},
 _pages = {14236--14245},
 year = {2019}
}

@inproceedings{wangni2017gradient,
 author = {Wangni, Jianqiao and Wang, Jialei and Liu, Ji and Zhang, Tong},
 booktitle = {NeurIPS}, 
 _editor = {S. Bengio and H. Wallach and H. Larochelle and K. Grauman and N. Cesa-Bianchi and R. Garnett},
 title = {Gradient Sparsification for Communication-Efficient Distributed Optimization},
 _volume = {31},
 year = {2018}
}



@misc{zhang2014deep,
    title={Deep learning with Elastic Averaging SGD},
    author={Sixin Zhang and Anna Choromanska and Yann LeCun},
    year={2014},
    eprint={1412.6651},
    archivePrefix={arXiv},
    primaryClass={cs.LG}
}

@article{zhou2016dorefanet,
  author    = {Shuchang Zhou and
               Zekun Ni and
               Xinyu Zhou and
               He Wen and
               Yuxin Wu and
               Yuheng Zou},
  title     = {{DoReFa-Net}: Training Low Bitwidth Convolutional Neural Networks with
               Low Bitwidth Gradients},
  journal   = {CoRR},
  volume    = {abs/1606.06160},
  year      = {2016},
  eprinttype = {arXiv},
  eprint    = {1606.06160},
}

@inproceedings{aji2017sparse,
  author    = {Alham Fikri Aji and
               Kenneth Heafield},
  _editor    = {Martha Palmer and
               Rebecca Hwa and
               Sebastian Riedel},
  title     = {Sparse Communication for Distributed Gradient Descent},
  booktitle = {EMNLP},
  _pages     = {440--445},
  year      = {2017},
}

@inproceedings{renggli2018sparcml,
author = {Renggli, Cedric and Ashkboos, Saleh and Aghagolzadeh, Mehdi and Alistarh, Dan and Hoefler, Torsten},
title = {{SparCML}: High-Performance Sparse Communication for Machine Learning},
year = {2019},
booktitle = {SC},
}

@article{sattler2019robust,
  title={Robust and Communication-Efficient Federated Learning From Non-{i.i.d.} Data},
  author={Felix Sattler and Simon Wiedemann and Klaus-Robert M{\"u}ller and Wojciech Samek},
  journal={IEEE Transactions on Neural Networks and Learning Systems},
  year={2020},
  volume={31},
  pages={3400-3413}
}

@InProceedings{tang2019doublesqueeze,
  title = 	 {\textsc{DoubleSqueeze}: Parallel Stochastic Gradient Descent with Double-pass Error-Compensated Compression},
  author =       {Tang, Hanlin and Yu, Chen and Lian, Xiangru and Zhang, Tong and Liu, Ji},
  booktitle = 	 {ICML},
  _pages = 	 {6155--6165},
  year = 	 {2019},
  _editor = 	 {Chaudhuri, Kamalika and Salakhutdinov, Ruslan},
}


@inproceedings{zheng2019communicationefficient,
    author = {Zheng, Shuai and Huang, Ziyue and Kwok, James T.},
    title = {Communication-Efficient Distributed Blockwise Momentum {SGD} with Error-Feedback},
    booktitle = {NeurIPS},
    year = 2019,
    _pages = {11450–11460}
}

@inproceedings{liu2019double,
  author    = {Xiaorui Liu and
               Yao Li and
               Jiliang Tang and
               Ming Yan},
  _editor    = {Silvia Chiappa and
               Roberto Calandra},
  title     = {A Double Residual Compression Algorithm for Efficient Distributed
               Learning},
  booktitle = {AISTATS},
  _pages     = {133--143},
  year      = {2020},
}

@inproceedings{bernstein2018signsgd,
  title = 	 {sign{SGD}: {C}ompressed Optimisation for Non-Convex Problems},
  author =       {Bernstein, Jeremy and Wang, Yu-Xiang and Azizzadenesheli, Kamyar and Anandkumar, Animashree},
  booktitle = 	 {ICML},
  _pages = 	 {560--569},
  year = 	 {2018},
  _editor = 	 {Dy, Jennifer and Krause, Andreas},
  _volume = 	 {80},
  series = 	 {PMLR},
}


@article{courbariaux2015binaryconnect,
    title={{BinaryConnect}: Training Deep Neural Networks with binary weights during propagations},
    author={Matthieu Courbariaux and Yoshua Bengio and Jean-Pierre David},
    year={2015},
    journal = {CoRR},
    volume={1511.00363},
    archivePrefix={arXiv},
    primaryClass={cs.LG}
}

@inproceedings{lin2017deep,
title	= {Deep Gradient Compression: Reducing the Communication Bandwidth for Distributed Training},
author	= {Yujun Lin and Song Han and Huizi Mao and Yu Wang and William Dally},
year	= {2018},
booktitle = {ICLR}
}



@article{amiri2020federated,
    title={Federated Learning With Quantized Global Model Updates},
    author={Mohammad Mohammadi Amiri and Deniz Gunduz and Sanjeev R. Kulkarni and H. Vincent Poor},
    year={2020},
    volume={2006.10672},
    journal={CoRR},
    primaryClass={cs.IT}
}

@inproceedings{han2020adaptive,
  author    = {Pengchao Han and
               Shiqiang Wang and
               Kin K. Leung},
  title     = {Adaptive Gradient Sparsification for Efficient Federated Learning:
               An Online Learning Approach},
  booktitle = {ICDCS},
  _pages     = {300--310},
  year      = {2020},
}

@article{jiang2019model,
  author    = {Yuang Jiang and
               Shiqiang Wang and
               Bong Jun Ko and
               Wei{-}Han Lee and
               Leandros Tassiulas},
  title     = {Model Pruning Enables Efficient Federated Learning on Edge Devices},
  journal   = {CoRR},
  volume    = {abs/1909.12326},
  year      = {2019},
}

@inproceedings{konen2016federated,
title	= {Federated Learning: Strategies for Improving Communication Efficiency},
author	= {Jakub Konečný and H. Brendan McMahan and Felix X. Yu and Peter Richtarik and Ananda Theertha Suresh and Dave Bacon},
year	= {2016},
booktitle	= {NIPS Workshop on Private Multi-Party Machine Learning}
}


@misc{vepakomma2018split,
    title={Split learning for health: Distributed deep learning without sharing raw patient data},
    author={Praneeth Vepakomma and Otkrist Gupta and Tristan Swedish and Ramesh Raskar},
    year={2018},
    eprint={1812.00564},
    archivePrefix={arXiv},
    primaryClass={cs.LG}
}

@misc{jia2022federated,
    title={Federated Domain Adaptation for ASR with Full Self-Supervision},
    author={Junteng Jia and Jay Mahadeokar and Weiyi Zheng and Yuan Shangguan and Ozlem Kalinli and Frank Seide},
    year={2022},
    eprint={2203.15966},
    archivePrefix={arXiv},
    primaryClass={cs.SD}
}

@article{hu2019dynamic,
  title={Dynamic Adaptive {DNN} Surgery for Inference Acceleration on the Edge},
  author={Chuang Hu and Wei Bao and Dan Wang and Fengming Liu},
  journal={IEEE INFOCOM},
  year={2019},
  _pages={1423-1431}
}
 
@inproceedings{chen2017adacomp,
  author    = {Chia{-}Yu Chen and
               Jungwook Choi and
               Daniel Brand and
               Ankur Agrawal and
               Wei Zhang and
               Kailash Gopalakrishnan},
  _editor    = {Sheila A. McIlraith and
               Kilian Q. Weinberger},
  title     = {{AdaComp}: Adaptive Residual Gradient Compression for Data-Parallel
               Distributed Training},
  booktitle = {AAAI},
  _pages     = {2827--2835},
  year      = {2018},
}
  
@inproceedings{he2020group,
 author = {He, Chaoyang and Annavaram, Murali and Avestimehr, Salman},
 booktitle = {NeurIPS},
 _editor = {H. Larochelle and M. Ranzato and R. Hadsell and M.F. Balcan and H. Lin},
 _pages = {14068--14080},
 title = {Group Knowledge Transfer: Federated Learning of Large {CNN}s at the Edge},
 _volume = {33},
 year = {2020}
}

@article{chen2019federated,
    title={Federated Learning Of Out-Of-Vocabulary Words},
    author={Mingqing Chen and Rajiv Mathews and Tom Ouyang and Françoise Beaufays},
    year={2019},
    journal  = {CoRR},
    volume={1903.10635},
    archivePrefix={arXiv},
    primaryClass={cs.CL}
}

@article{charles2021largecohort,
    title={On Large-Cohort Training for Federated Learning},
    author={Zachary Charles and Zachary Garrett and Zhouyuan Huo and Sergei Shmulyian and Virginia Smith},
    year={2021},
    journal = {CoRR},
    volume={2106.07820},
    archivePrefix={arXiv},
    primaryClass={cs.LG}
}

@InProceedings{rothchild2020fetchsgd,
  title = 	 {{F}etch{SGD}: Communication-Efficient Federated Learning with Sketching},
  author =       {Rothchild, Daniel and Panda, Ashwinee and Ullah, Enayat and Ivkin, Nikita and Stoica, Ion and Braverman, Vladimir and Gonzalez, Joseph and Arora, Raman},
  booktitle = 	 {ICML},
  _pages = 	 {8253--8265},
  year = 	 {2020},
  _editor = 	 {III, Hal Daumé and Singh, Aarti},
}


@inproceedings{MelisSCS19,
  author    = {Luca Melis and
               Congzheng Song and
               Emiliano De Cristofaro and
               Vitaly Shmatikov},
  title     = {Exploiting Unintended Feature Leakage in Collaborative Learning},
  booktitle = { {IEEE} S\&P},
  _pages     = {691--706},
  year      = {2019},
}

@inproceedings{stock2019bit,
    title={And the Bit Goes Down: Revisiting the Quantization of Neural Networks},
    author={Pierre Stock and Armand Joulin and Rémi Gribonval and Benjamin Graham and Hervé Jégou},
    booktitle={ICLR},
    year={2020},
}

@misc{fan2020training,
    title={Training with Quantization Noise for Extreme Model Compression},
    author={Angela Fan and Pierre Stock and Benjamin Graham and Edouard Grave and Remi Gribonval and Herve Jegou and Armand Joulin},
    year={2020},
    eprint={2004.07320},
    archivePrefix={arXiv},
    primaryClass={cs.LG}
}

@article{jegou2011product,
  author    = {Herv{\'{e}} J{\'{e}}gou and
               Matthijs Douze and
               Cordelia Schmid},
  title     = {Product Quantization for Nearest Neighbor Search},
  journal   = {{IEEE} Trans. Pattern Anal. Mach. Intell.},
  volume    = {33},
  number    = {1},
  pages     = {117--128},
  year      = {2011},
}


@misc{fcc-broadband,
    title={The Eleventh {Measuring Broadband America} Fixed Broadband Report},
    author={FCC},
    year={2021},
    url={https://www.fcc.gov/reports-research/reports/measuring-broadband-america/measuring-fixed-broadband-eleventh-report}
}

@inproceedings{mcmahan2016communicationefficient,
  author    = {Brendan McMahan and
               Eider Moore and
               Daniel Ramage and
               Seth Hampson and
               Blaise Ag{\"{u}}era y Arcas},
  _editor    = {Aarti Singh and
               Xiaojin (Jerry) Zhu},
  title     = {Communication-Efficient Learning of Deep Networks from Decentralized
               Data},
  booktitle = {AISTATS},
  _pages     = {1273--1282},
  year      = {2017},
}

@article{caldas2018leaf,
  author    = {Sebastian Caldas and
               Peter Wu and
               Tian Li and
               Jakub Kone{\v{c}}n{\'y} and
               H. Brendan McMahan and
               Virginia Smith and
               Ameet Talwalkar},
  title     = {{LEAF:} {A} Benchmark for Federated Settings},
  journal   = {CoRR},
  volume    = {abs/1812.01097},
  year      = {2018},
}


@inproceedings{liu2015faceattributes,
  author    = {Ziwei Liu and
               Ping Luo and
               Xiaogang Wang and
               Xiaoou Tang},
  title     = {Deep Learning Face Attributes in the Wild},
  booktitle = {{IEEE} ICCV},
  _pages     = {3730--3738},
  year      = {2015},
}

@misc{Go_Bhayani_Huang_2009,
  author = {Go, Alec and Bhayani, Richa and Huang, Lei},
  title = {Twitter Sentiment Classification using Distant Supervision},
  howpublished = {CS224N Project Report, Stanford},
  year = 2009
}

@misc{lecun2010mnist,
  author = {LeCun, Yann and Cortes, Corinna},
  howpublished = {http://yann.lecun.com/exdb/mnist/},
  title = {{MNIST} handwritten digit database},
  url = {http://yann.lecun.com/exdb/mnist/},
  year = 2010
}

@inproceedings{he2015deep,
  author    = {Kaiming He and
               Xiangyu Zhang and
               Shaoqing Ren and
               Jian Sun},
  title     = {Deep Residual Learning for Image Recognition},
  booktitle = {{IEEE} CVPR},
  _pages     = {770--778},
  year      = {2016},
}

@misc{chaudhuri2022privacyaware,
    title={Privacy-Aware Compression for Federated Data Analysis},
    author={Kamalika Chaudhuri and Chuan Guo and Mike Rabbat},
    year={2022},
    eprint={2203.08134},
    archivePrefix={arXiv},
    primaryClass={cs.LG}
}

@inproceedings{Blalock20,
 author = {Blalock, Davis and Gonzalez Ortiz, Jose Javier and Frankle, Jonathan and Guttag, John},
 booktitle = {MLSys},
 _editor = {I. Dhillon and D. Papailiopoulos and V. Sze},
 _pages = {129--146},
 title = {What is the State of Neural Network Pruning?},
 _volume = {2},
 year = {2020}
}

@inproceedings{boyle16,
author = {Boyle, Elette and Gilboa, Niv and Ishai, Yuval},
title = {Function Secret Sharing: Improvements and Extensions},
year = {2016},
booktitle = {ACM CCS}, 
_pages = {1292–1303},
}

@inproceedings{LightSecAgg,
  author = {Chien{-}Sheng Yang and
               Jinhyun So and
               Chaoyang He and
               Songze Li and
               Qian Yu and
               Salman Avestimehr},
  title = {{LightSecAgg}: Rethinking Secure Aggregation in Federated Learning},
  year = {2022},
  booktitle = {MLSys}
}

@article{techreport,
      title={Reconciling Security and Communication Efficiency in Federated Learning}, 
      author={Karthik Prasad and Sayan Ghosh and Graham Cormode and Ilya Mironov and Ashkan Yousefpour and Pierre Stock},
      year={2022},
      volume={2207.12779},
      journal = {CoRR},
      archivePrefix={arXiv},
      primaryClass={cs.LG}
}