@article{ChenQiuChang2022,
    author  = {CHEN, Qiuchang and ZHAO, Hui and ZUO, Enguang and ZHAO Yuxia and WEI, Wenyu},
    title   = {Implicit Sentiment Analysis Based on Context Aware Tree Recurrent Neutral Network},
    journal = {Computer Engineering and Applications},
    date    = {2022},
    volume  = {58},
    number  = {07},
    pages   = {167-175}
}



@phdthesis{LiaoJian2018,
    title  = {Research on Fact-implied Implicit Sentiment Analysis Based on Representation Learning},
    author = {Liao, Jian},
    year   = {2018},
    school = {Shanxi University},
    doi    = {10.1016/j.knosys.2018.11.023}
}

@article{PanDongXing2020,
    title   = {A Chinese implicit sentiment classification model combining contextual features},
    author  = {PAN, Donghang and YUAN, Jingling and Li, Lin and SHENG, Deming},
    journal = {Computer Engineering \& Science},
    volume  = {42},
    number  = {2},
    pages   = {10},
    year    = {2020}
}

@article{WangSuGe2022,
    author  = {WANG, Suge and WANG, Min and LIAO, Jian and CHEN, Xin},
    title   = {An Implicit Sentiment Sentence Identification Method Base on Context Information},
    journal = {Journal of Shanxi University(Natural Science Edition)},
    date    = {2022},
    volume  = {45},
    number  = {02},
    pages   = {380-386},
    doi     = {10. 13451/j. sxu. ns. 2021005}
}


@article{YangShanLiang2021,
    author  = {YANG, Shanliang and CHANG Zheng},
    title   = {Chinese Implicit Sentiment Analysis Based on Graph Attention Neural Network},
    journal = {Computer Engineering and Applications},
    date    = {2021},
    volume  = {57},
    number  = {24},
    pages   = {161-167},
    doi     = {10.1002/eng2.12452}
}

@article{ZhaoRongMei2020,
    title   = {Implicit sentiment analysis for Chinese texts based on a hybrid neural network},
    author  = {ZHAO, Rongmei and XIONG, Xi and JU, Shenggen and LI, Zhongzhi and XIE, Chuan},
    journal = {Journal of Sichuan University(Natural Science Edition)},
    volume  = {57},
    number  = {2},
    pages   = {264--270},
    year    = {2020}
}

@article{bahdanau2014neural,
    title   = {Neural machine translation by jointly learning to align and translate},
    author  = {Bahdanau, Dzmitry and Cho, Kyunghyun and Bengio, Yoshua},
    journal = {arXiv preprint arXiv:1409.0473},
    year    = {2014}
}


@inproceedings{balahur2011detecting,
    title     = {Detecting implicit expressions of sentiment in text based on commonsense knowledge},
    author    = {Balahur, Alexandra and Hermida, Jes{\'u}s M and Montoyo, Andr{\'e}s},
    booktitle = {Proceedings of the 2nd Workshop on Computational Approaches to Subjectivity and Sentiment Analysis (WASSA 2.011)},
    pages     = {53--60},
    year      = {2011}
}

@article{balahur2012detecting,
    title     = {Detecting implicit expressions of emotion in text: A comparative analysis},
    author    = {Balahur, Alexandra and Hermida, Jes{\'u}s M and Montoyo, Andr{\'e}s},
    journal   = {Decision support systems},
    volume    = {53},
    number    = {4},
    pages     = {742--753},
    year      = {2012},
    publisher = {Elsevier}
}

@article{behera2021co,
    title     = {Co-LSTM: Convolutional LSTM model for sentiment analysis in social big data},
    author    = {Behera, Ranjan Kumar and Jena, Monalisa and Rath, Santanu Kumar and Misra, Sanjay},
    journal   = {Information Processing \& Management},
    volume    = {58},
    number    = {1},
    pages     = {102435},
    year      = {2021},
    publisher = {Elsevier}
}

@article{bengio2000neural,
    title   = {A neural probabilistic language model},
    author  = {Bengio, Yoshua and Ducharme, R{\'e}jean and Vincent, Pascal},
    journal = {Advances in neural information processing systems},
    volume  = {13},
    year    = {2000}
}

@article{bordes2013translating,
    title   = {Translating embeddings for modeling multi-relational data},
    author  = {Bordes, Antoine and Usunier, Nicolas and Garcia-Duran, Alberto and Weston, Jason and Yakhnenko, Oksana},
    journal = {Advances in neural information processing systems},
    volume  = {26},
    year    = {2013}
}


@inproceedings{che2010ltp,
    title     = {Ltp: A chinese language technology platform},
    author    = {Che, Wanxiang and Li, Zhenghua and Liu, Ting},
    booktitle = {Coling 2010: Demonstrations},
    pages     = {13--16},
    year      = {2010}
}

@inproceedings{chen2016implicit,
    title     = {Implicit polarity and implicit aspect recognition in opinion mining},
    author    = {Chen, Huan-Yuan and Chen, Hsin-Hsi},
    booktitle = {Proceedings of the 54th Annual Meeting of the Association for Computational Linguistics (Volume 2: Short Papers)},
    pages     = {20--25},
    year      = {2016},
    doi       = { 10.18653/v1/P16-2004}
}


@book{cohen2013claude,
    title     = {Claude Cohen-Tannoudji; Bernard Diu; Franck Lalo{\"e}: Quantenmechanik},
    author    = {Cohen-Tannoudji, Claude and Diu, Bernard and Lalo{\"e}, Franck},
    volume    = {1},
    year      = {2013},
    publisher = {Walter de Gruyter}
}
@inproceedings{dave2003mining,
    title     = {Mining the peanut gallery: Opinion extraction and semantic classification of product reviews},
    author    = {Dave, Kushal and Lawrence, Steve and Pennock, David M},
    booktitle = {Proceedings of the 12th international conference on World Wide Web},
    pages     = {519--528},
    year      = {2003}
}

@inproceedings{deng2015mpqa,
    title     = {Mpqa 3.0: An entity/event-level sentiment corpus},
    author    = {Deng, Lingjia and Wiebe, Janyce},
    booktitle = {Proceedings of the 2015 conference of the North American chapter of the association for computational linguistics: human language technologies},
    pages     = {1323--1328},
    year      = {2015}
}

@article{devlin2018bert,
    title   = {Bert: Pre-training of deep bidirectional transformers for language understanding},
    author  = {Devlin, Jacob and Chang, Ming-Wei and Lee, Kenton and Toutanova, Kristina},
    journal = {arXiv preprint arXiv:1810.04805},
    year    = {2018}
}

@inproceedings{ding2008holistic,
    title     = {A holistic lexicon-based approach to opinion mining},
    author    = {Ding, Xiaowen and Liu, Bing and Yu, Philip S},
    booktitle = {Proceedings of the 2008 international conference on web search and data mining},
    pages     = {231--240},
    year      = {2008}
}

@article{erik2017sentiment,
    title   = {Sentiment analysis is a big suitcase},
    author  = {Erik, Cambria and Soujanya, Poria and Alexander, Gelbukh and Mike, Thelwall},
    journal = {IEEE Intelligent Systems},
    volume  = {32},
    number  = {6},
    pages   = {74--80},
    year    = {2017},
    doi     = {10.1109/MIS.2017.4531228}
}

@book{feynman2011feynman,
    title     = {The Feynman lectures on physics, Vol. I: The new millennium edition: mainly mechanics, radiation, and heat},
    author    = {Feynman, Richard P and Leighton, Robert B and Sands, Matthew},
    volume    = {1},
    year      = {2011},
    publisher = {Basic books}
}

@newspaper{gov.cn:2022-09-01,
    author    = {李政葳},
    title     = {第50次《中国互联网络发展状况统计报告》发布},
    date      = {2022-09-01},
    urldate   = {2022-09-14},
    publisher = {光明日报},
    url       = {http://www.gov.cn/xinwen/2022-09/01/content_5707695.htm},
    note      = {[Online; accessed 2022-09-01]}
}

@inproceedings{hatzivassiloglou1997predicting,
    title     = {Predicting the semantic orientation of adjectives},
    author    = {Hatzivassiloglou, Vasileios and McKeown, Kathleen},
    booktitle = {35th annual meeting of the association for computational linguistics and 8th conference of the european chapter of the association for computational linguistics},
    pages     = {174--181},
    year      = {1997}
}

@article{hochreiter1997long,
    title     = {Long short-term memory},
    author    = {Hochreiter, Sepp and Schmidhuber, J{\"u}rgen},
    journal   = {Neural computation},
    volume    = {9},
    number    = {8},
    pages     = {1735--1780},
    year      = {1997},
    publisher = {MIT Press}
}

@inproceedings{hu2004mining,
    title     = {Mining and summarizing customer reviews},
    author    = {Hu, Minqing and Liu, Bing},
    booktitle = {Proceedings of the tenth ACM SIGKDD international conference on Knowledge discovery and data mining},
    pages     = {168--177},
    year      = {2004}
}

@article{J2008LakoffGeorge,
    title   = {LakoffGeorge and JohnsonMark, Metaphors we live by. Chicago and London: The University of Chicago Press, 1980. Pp. xiii + 242. BolingerDwight, Language the loaded weapon: the use \& abuse of language today. London and New York: Longman, 1980. Pp. ix + 214.},
    author  = {J. P. Thorne},
    journal = {Journal of Linguistics},
    volume  = {19},
    number  = {1},
    pages   = {245-248},
    year    = {2008}
}

@article{jelodar2020deep,
    title     = {Deep sentiment classification and topic discovery on novel coronavirus or COVID-19 online discussions: NLP using LSTM recurrent neural network approach},
    author    = {Jelodar, Hamed and Wang, Yongli and Orji, Rita and Huang, Shucheng},
    journal   = {IEEE Journal of Biomedical and Health Informatics},
    volume    = {24},
    number    = {10},
    pages     = {2733--2742},
    year      = {2020},
    publisher = {IEEE}
}

@incollection{jian2016constitution,
    title     = {The constitution of a fine-grained opinion annotated corpus on weibo},
    author    = {Jian, Liao and Yang, Li and Suge, Wang},
    booktitle = {Chinese Computational Linguistics and Natural Language Processing Based on Naturally Annotated Big Data},
    pages     = {227--240},
    year      = {2016},
    publisher = {Springer},
    doi       = { 10.1007/978-3-319-47674-2_20}
}

@article{kim2019sentiment,
    title     = {Sentiment classification using convolutional neural networks},
    author    = {Kim, Hannah and Jeong, Young-Seob},
    journal   = {Applied Sciences},
    volume    = {9},
    number    = {11},
    pages     = {2347},
    year      = {2019},
    publisher = {MDPI}
}

@article{kirange2014aspect,
    title   = {Aspect based sentiment analysis semeval-2014 task 4},
    author  = {Kirange, DK and Deshmukh, Ratnadeep R and Kirange, MDK},
    journal = {Asian J. Comput. Sci. Inf. Technol.(AJCSIT)},
    volume  = {4},
    pages   = {72--75},
    year    = {2014}
}

@article{kiritchenko2014sentiment,
    title   = {Sentiment analysis of short informal texts},
    author  = {Kiritchenko, Svetlana and Zhu, Xiaodan and Mohammad, Saif M},
    journal = {Journal of Artificial Intelligence Research},
    volume  = {50},
    pages   = {723--762},
    year    = {2014}
}

@inproceedings{kurniasari2020sentiment,
    title        = {Sentiment analysis using recurrent neural network},
    author       = {Kurniasari, Lilis and Setyanto, Arif},
    booktitle    = {Journal of Physics: Conference Series},
    volume       = {1471},
    number       = {1},
    pages        = {012018},
    year         = {2020},
    organization = {IOP Publishing}
}
@article{li2014text,
    title     = {Text-based emotion classification using emotion cause extraction},
    author    = {Li, Weiyuan and Xu, Hua},
    journal   = {Expert Systems with Applications},
    volume    = {41},
    number    = {4},
    pages     = {1742--1749},
    year      = {2014},
    publisher = {Elsevier}
}

@article{li2018ropnn,
    title   = {ROPNN: Detection of ROP payloads using deep neural networks},
    author  = {Li, Xusheng and Hu, Zhisheng and Fu, Yiwei and Chen, Ping and Zhu, Minghui and Liu, Peng},
    journal = {arXiv preprint arXiv:1807.11110},
    year    = {2018}
}

@inproceedings{li2021融合情感分析的隐式反问句识别模型,
    title     = {融合情感分析的隐式反问句识别模型 (Implicit Rhetorical Questions Recognition Model Combined with Sentiment Analysis)},
    author    = {Li, Xiang and Liu, Chengwei and Zhu, Xiaoxu},
    booktitle = {Proceedings of the 20th Chinese National Conference on Computational Linguistics},
    pages     = {703--713},
    year      = {2021}
}

@article{li2022c3kg,
    title   = {C3KG: A Chinese Commonsense Conversation Knowledge Graph},
    author  = {Li, Dawei and Li, Yanran and Zhang, Jiayi and Li, Ke and Wei, Chen and Cui, Jianwei and Wang, Bin},
    journal = {arXiv preprint arXiv:2204.02549},
    year    = {2022}
}

@article{liao2017freerl,
    title     = {FREERL: Fusion relation embedded representation learning framework for aspect extraction},
    author    = {Liao, Jian and Wang, Suge and Li, Deyu and Li, Xiaoli},
    journal   = {Knowledge-Based Systems},
    volume    = {135},
    pages     = {9--17},
    year      = {2017},
    publisher = {Elsevier},
    doi       = { 10.1016/j.knosys.2017.07.015}
}

@article{liao2019identification,
    title     = {Identification of fact-implied implicit sentiment based on multi-level semantic fused representation},
    author    = {Liao, Jian and Wang, Suge and Li, Deyu},
    journal   = {Knowledge-Based Systems},
    volume    = {165},
    pages     = {197--207},
    year      = {2019},
    publisher = {Elsevier},
    doi       = { 10.1016/j.knosys.2018.11.023}
}

@article{liao2022dynamic,
    title     = {Dynamic commonsense knowledge fused method for Chinese implicit sentiment analysis},
    author    = {Liao, Jian and Wang, Min and Chen, Xin and Wang, Suge and Zhang, Kai},
    journal   = {Information Processing \& Management},
    volume    = {59},
    number    = {3},
    pages     = {102934},
    year      = {2022},
    publisher = {Elsevier},
    doi       = { 10.1016/j.ipm.2022.102934}
}

@inproceedings{lin2015learning,
    title     = {Learning entity and relation embeddings for knowledge graph completion},
    author    = {Lin, Yankai and Liu, Zhiyuan and Sun, Maosong and Liu, Yang and Zhu, Xuan},
    booktitle = {Twenty-ninth AAAI conference on artificial intelligence},
    year      = {2015},
    doi       = { 10.5555/2886521.2886624}
}

@article{liu2012sentiment,
    title     = {Sentiment analysis and opinion mining},
    author    = {Liu, Bing},
    journal   = {Synthesis lectures on human language technologies},
    volume    = {5},
    number    = {1},
    pages     = {1--167},
    year      = {2012},
    publisher = {Morgan \& Claypool Publishers}
}

@article{liu2017multi,
    title     = {Multi-class sentiment classification: The experimental comparisons of feature selection and machine learning algorithms},
    author    = {Liu, Yang and Bi, Jian-Wu and Fan, Zhi-Ping},
    journal   = {Expert Systems with Applications},
    volume    = {80},
    pages     = {323--339},
    year      = {2017},
    publisher = {Elsevier}
}

@book{liu2020sentiment,
    title     = {Sentiment analysis: Mining opinions, sentiments, and emotions},
    author    = {Liu, Bing},
    year      = {2020},
    publisher = {Cambridge university press}
}

@article{ma2017interactive,
    title   = {Interactive attention networks for aspect-level sentiment classification},
    author  = {Ma, Dehong and Li, Sujian and Zhang, Xiaodong and Wang, Houfeng},
    journal = {arXiv preprint arXiv:1709.00893},
    year    = {2017}
}

@article{mason2004cormet,
    title     = {CorMet: a computational, corpus-based conventional metaphor extraction system},
    author    = {Mason, Zachary J},
    journal   = {Computational linguistics},
    volume    = {30},
    number    = {1},
    pages     = {23--44},
    year      = {2004},
    publisher = {MIT Press One Rogers Street, Cambridge, MA 02142-1209, USA journals-info~…},
    doi       = { 10.1162/089120104773633376}
}

@article{mehndiratta2017detection,
    title   = {Detection of sarcasm in text data using deep convolutional neural networks},
    author  = {Mehndiratta, Pulkit and Sachdeva, Shelly and Soni, Devpriya},
    journal = {Scalable Computing: Practice and Experience},
    volume  = {18},
    number  = {3},
    pages   = {219--228},
    year    = {2017},
    doi     = {10.12694/scpe.v18i3.1302}
}

@article{mikolov2013distributed,
    title   = {Distributed representations of words and phrases and their compositionality},
    author  = {Mikolov, Tomas and Sutskever, Ilya and Chen, Kai and Corrado, Greg S and Dean, Jeff},
    journal = {Advances in neural information processing systems},
    volume  = {26},
    year    = {2013}
}

@article{mnih2014recurrent,
    title   = {Recurrent models of visual attention},
    author  = {Mnih, Volodymyr and Heess, Nicolas and Graves, Alex and others},
    journal = {Advances in neural information processing systems},
    volume  = {27},
    year    = {2014}
}

@inproceedings{mohammad2010emotions,
    title     = {Emotions evoked by common words and phrases: Using mechanical turk to create an emotion lexicon},
    author    = {Mohammad, Saif and Turney, Peter},
    booktitle = {Proceedings of the NAACL HLT 2010 workshop on computational approaches to analysis and generation of emotion in text},
    pages     = {26--34},
    year      = {2010}
}

@article{zhang2022incorporating,
  title={Incorporating Dynamic Semantics into Pre-Trained Language Model for Aspect-based Sentiment Analysis},
  author={Zhang, Kai and Zhang, Kun and Zhang, Mengdi and Zhao, Hongke and Liu, Qi and Wu, Wei and Chen, Enhong},
  journal={arXiv preprint arXiv:2203.16369},
  year={2022}
}

@article{jain2022intelligent,
  title={An intelligent cognitive-inspired computing with big data analytics framework for sentiment analysis and classification},
  author={Jain, Deepak Kumar and Boyapati, Prasanthi and Venkatesh, J and Prakash, M},
  journal={Information Processing \& Management},
  volume={59},
  number={1},
  pages={102758},
  year={2022},
  publisher={Elsevier}
}

@article{samuel2022direct,
  title={Direct parsing to sentiment graphs},
  author={Samuel, David and Barnes, Jeremy and Kurtz, Robin and Oepen, Stephan and {\O}vrelid, Lilja and Velldal, Erik},
  journal={arXiv preprint arXiv:2203.13209},
  year={2022}
}

@article{mohammad2013crowdsourcing,
    title     = {Crowdsourcing a word--emotion association lexicon},
    author    = {Mohammad, Saif M and Turney, Peter D},
    journal   = {Computational intelligence},
    volume    = {29},
    number    = {3},
    pages     = {436--465},
    year      = {2013},
    publisher = {Wiley Online Library}
}

@article{moreno2015identifying,
    title     = {Identifying polarity in financial texts for sentiment analysis: a corpus-based approach},
    author    = {Moreno-Ortiz, Antonio and Fern{\'a}ndez-Cruz, Javier},
    journal   = {Procedia-Social and Behavioral Sciences},
    volume    = {198},
    pages     = {330--338},
    year      = {2015},
    publisher = {Elsevier}
}

@inproceedings{nasukawa2003sentiment,
    title     = {Sentiment analysis: Capturing favorability using natural language processing},
    author    = {Nasukawa, Tetsuya and Yi, Jeonghee},
    booktitle = {Proceedings of the 2nd international conference on Knowledge capture},
    pages     = {70--77},
    year      = {2003}
}

@article{pang2002thumbs,
    title   = {Thumbs up? Sentiment classification using machine learning techniques},
    author  = {Pang, Bo and Lee, Lillian and Vaithyanathan, Shivakumar},
    journal = {arXiv preprint cs/0205070},
    year    = {2002}
}

@inproceedings{pennington2014glove,
    title     = {Glove: Global vectors for word representation},
    author    = {Pennington, Jeffrey and Socher, Richard and Manning, Christopher D},
    booktitle = {Proceedings of the 2014 conference on empirical methods in natural language processing (EMNLP)},
    pages     = {1532--1543},
    year      = {2014}
}

@article{peters1802deep,
    title   = {Deep contextualized word representations. arXiv 2018},
    author  = {Peters, ME and Neumann, M and Iyyer, M and Gardner, M and Clark, C and Lee, K and Zettlemoyer, L},
    journal = {arXiv preprint arXiv:1802.05365},
    volume  = {12},
    year    = {1802}
}

@inproceedings{pontiki2015semeval,
    title     = {Semeval-2015 task 12: Aspect based sentiment analysis},
    author    = {Pontiki, Maria and Galanis, Dimitrios and Papageorgiou, Harris and Manandhar, Suresh and Androutsopoulos, Ion},
    booktitle = {Proceedings of the 9th international workshop on semantic evaluation (SemEval 2015)},
    pages     = {486--495},
    year      = {2015}
}

@inproceedings{pontiki2016semeval,
    title     = {Semeval-2016 task 5: Aspect based sentiment analysis},
    author    = {Pontiki, Maria and Galanis, Dimitrios and Papageorgiou, Haris and Androutsopoulos, Ion and Manandhar, Suresh and Al-Smadi, Mohammad and Al-Ayyoub, Mahmoud and Zhao, Yanyan and Qin, Bing and De Clercq, Orph{\'e}e and others},
    booktitle = {International workshop on semantic evaluation},
    pages     = {19--30},
    year      = {2016}
}

@article{qian2018hierarchical,
    title   = {Hierarchical CVAE for fine-grained hate speech classification},
    author  = {Qian, Jing and ElSherief, Mai and Belding, Elizabeth and Wang, William Yang},
    journal = {arXiv preprint arXiv:1809.00088},
    year    = {2018},
    doi     = {10.18653/v1/D18-1391}
}

@inproceedings{qu-etal-2010-bag,
    title     = {The Bag-of-Opinions Method for Review Rating Prediction from Sparse Text Patterns},
    author    = {Qu, Lizhen  and
                 Ifrim, Georgiana  and
                 Weikum, Gerhard},
    booktitle = {Proceedings of the 23rd International Conference on Computational Linguistics (Coling 2010)},
    month     = aug,
    year      = {2010},
    address   = {Beijing, China},
    publisher = {Coling 2010 Organizing Committee},
    url       = {https://aclanthology.org/C10-1103},
    pages     = {913--921}
}

@inproceedings{rezapour2017identifying,
    title        = {Identifying the overlap between election result and candidates’ ranking based on hashtag-enhanced, lexicon-based sentiment analysis},
    author       = {Rezapour, Rezvaneh and Wang, Lufan and Abdar, Omid and Diesner, Jana},
    booktitle    = {2017 IEEE 11th International Conference on Semantic Computing (ICSC)},
    pages        = {93--96},
    year         = {2017},
    organization = {IEEE}
}

@inproceedings{sap2019atomic,
    title     = {Atomic: An atlas of machine commonsense for if-then reasoning},
    author    = {Sap, Maarten and Le Bras, Ronan and Allaway, Emily and Bhagavatula, Chandra and Lourie, Nicholas and Rashkin, Hannah and Roof, Brendan and Smith, Noah A and Choi, Yejin},
    booktitle = {Proceedings of the AAAI conference on artificial intelligence},
    volume    = {33},
    number    = {01},
    pages     = {3027--3035},
    year      = {2019},
    doi       = { 10.48550/arXiv.1811.00146}
}

@article{shutova2013statistical,
    title     = {Statistical metaphor processing},
    author    = {Shutova, Ekaterina and Teufel, Simone and Korhonen, Anna},
    journal   = {Computational Linguistics},
    volume    = {39},
    number    = {2},
    pages     = {301--353},
    year      = {2013},
    publisher = {MIT Press One Rogers Street, Cambridge, MA 02142-1209, USA journals-info~…},
    doi       = { 10.1162/COLI_a_00124}
}

@article{shutova2017multilingual,
    title     = {Multilingual metaphor processing: Experiments with semi-supervised and unsupervised learning},
    author    = {Shutova, Ekaterina and Sun, Lin and Guti{\'e}rrez, Elkin Dar{\'\i}o and Lichtenstein, Patricia and Narayanan, Srini},
    journal   = {Computational Linguistics},
    volume    = {43},
    number    = {1},
    pages     = {71--123},
    year      = {2017},
    publisher = {MIT Press One Rogers Street, Cambridge, MA 02142-1209, USA journals-info~…},
    doi       = { 10.1162/COLI_a_00275}
}

@inproceedings{singh2018sentiment,
    title        = {Sentiment analysis using lexicon based approach},
    author       = {Singh, Vijendra and Singh, Gurdeep and Rastogi, Priyanka and Deswal, Devanshi},
    booktitle    = {2018 Fifth International Conference on Parallel, Distributed and Grid Computing (PDGC)},
    pages        = {13--18},
    year         = {2018},
    organization = {IEEE}
}

@inproceedings{sun2017revisiting,
    title     = {Revisiting unreasonable effectiveness of data in deep learning era},
    author    = {Sun, Chen and Shrivastava, Abhinav and Singh, Saurabh and Gupta, Abhinav},
    booktitle = {Proceedings of the IEEE international conference on computer vision},
    pages     = {843--852},
    year      = {2017}
}



@article{sun2019ernie,
    title   = {Ernie: Enhanced representation through knowledge integration},
    author  = {Sun, Yu and Wang, Shuohuan and Li, Yukun and Feng, Shikun and Chen, Xuyi and Zhang, Han and Tian, Xin and Zhu, Danxiang and Tian, Hao and Wu, Hua},
    journal = {arXiv preprint arXiv:1904.09223},
    year    = {2019}
}

@article{sun2019utilizing,
    title   = {Utilizing BERT for aspect-based sentiment analysis via constructing auxiliary sentence},
    author  = {Sun, Chi and Huang, Luyao and Qiu, Xipeng},
    journal = {arXiv preprint arXiv:1903.09588},
    year    = {2019}
}


@inproceedings{sun2020ernie,
    title     = {Ernie 2.0: A continual pre-training framework for language understanding},
    author    = {Sun, Yu and Wang, Shuohuan and Li, Yukun and Feng, Shikun and Tian, Hao and Wu, Hua and Wang, Haifeng},
    booktitle = {Proceedings of the AAAI Conference on Artificial Intelligence},
    volume    = {34},
    number    = {05},
    pages     = {8968--8975},
    year      = {2020}
}

@article{sun2021ernie,
    title   = {Ernie 3.0: Large-scale knowledge enhanced pre-training for language understanding and generation},
    author  = {Sun, Yu and Wang, Shuohuan and Feng, Shikun and Ding, Siyu and Pang, Chao and Shang, Junyuan and Liu, Jiaxiang and Chen, Xuyi and Zhao, Yanbin and Lu, Yuxiang and others},
    journal = {arXiv preprint arXiv:2107.02137},
    year    = {2021}
}

@article{tai2015improved,
    title   = {Improved semantic representations from tree-structured long short-term memory networks},
    author  = {Tai, Kai Sheng and Socher, Richard and Manning, Christopher D},
    journal = {arXiv preprint arXiv:1503.00075},
    year    = {2015},
    doi     = {10.3115/v1/P15-1150}
}

@article{thet2010aspect,
    title     = {Aspect-based sentiment analysis of movie reviews on discussion boards},
    author    = {Thet, Tun Thura and Na, Jin-Cheon and Khoo, Christopher SG},
    journal   = {Journal of information science},
    volume    = {36},
    number    = {6},
    pages     = {823--848},
    year      = {2010},
    publisher = {Sage Publications Sage UK: London, England}
}

@article{tong2013can,
    title     = {Can implicit appraisal concepts produce emotion-specific effects? A focus on unfairness and anger},
    author    = {Tong, Eddie MW and Tan, Deborah H and Tan, Yan Lin},
    journal   = {Consciousness and cognition},
    volume    = {22},
    number    = {2},
    pages     = {449--460},
    year      = {2013},
    publisher = {Elsevier},
    doi       = { 10.1016/j.concog.2013.02.003}
}

@article{vaswani2017attention,
    title   = {Attention is all you need},
    author  = {Vaswani, Ashish and Shazeer, Noam and Parmar, Niki and Uszkoreit, Jakob and Jones, Llion and Gomez, Aidan N and Kaiser, {\L}ukasz and Polosukhin, Illia},
    journal = {Advances in neural information processing systems},
    volume  = {30},
    year    = {2017}
}

@inproceedings{wang2012baselines,
    title     = {Baselines and bigrams: Simple, good sentiment and topic classification},
    author    = {Wang, Sida I and Manning, Christopher D},
    booktitle = {Proceedings of the 50th Annual Meeting of the Association for Computational Linguistics (Volume 2: Short Papers)},
    pages     = {90--94},
    year      = {2012}
}

@inproceedings{wang2018lstm,
    title     = {An LSTM approach to short text sentiment classification with word embeddings},
    author    = {Wang, Jenq-Haur and Liu, Ting-Wei and Luo, Xiong and Wang, Long},
    booktitle = {Proceedings of the 30th conference on computational linguistics and speech processing (ROCLING 2018)},
    pages     = {214--223},
    year      = {2018}
}

@inproceedings{wang2018target,
    title     = {Target-sensitive memory networks for aspect sentiment classification},
    author    = {Wang, Shuai and Mazumder, Sahisnu and Liu, Bing and Zhou, Mianwei and Chang, Yi},
    booktitle = {Proceedings of the 56th Annual Meeting of the Association for Computational Linguistics (Volume 1: Long Papers)},
    year      = {2018}
}

@article{wang2020chinese,
    title     = {Chinese implicit sentiment analysis based on hierarchical knowledge enhancement and multi-pooling},
    author    = {Wang, Hongbin and Hou, Minghui and Li, Fan and Zhang, Yafei},
    journal   = {IEEE Access},
    volume    = {8},
    pages     = {126051--126065},
    year      = {2020},
    publisher = {IEEE},
    doi       = { 10.1109/ACCESS.2020.3008874}
}

@article{wei2020BiLSTM,
    title     = {Bi-LSTM with multi-polarity orthogonal attention for implicit sentiment analysis},
    author    = {Wei, Jiyao and Liao, Jian and Yang, Zhenfei and Wang, Suge and Zhao, Qiang},
    journal   = {Neurocomputing},
    volume    = {383},
    pages     = {165--173},
    year      = {2020},
    publisher = {Elsevier},
    doi       = { 10.1016/j.neucom.2019.11.054}
}

@misc{wikimedia:stern-gerlach-experiment,
    author = {Wikimedia Commons},
    title  = {File:Stern-Gerlach experiment zh.png --- Wikimedia Commons{,} the free media repository},
    year   = {2016},
    url    = {https://commons.wikimedia.org/w/index.php?title=File:Stern-Gerlach_experiment_zh.png&oldid=221590546},
    note   = {[Online; accessed 25-July-2019]}
}

@article{xiao2020ernie,
    title   = {ERNIE-Gram: pre-training with explicitly n-gram masked language modeling for natural language understanding},
    author  = {Xiao, Dongling and Li, Yu-Kun and Zhang, Han and Sun, Yu and Tian, Hao and Wu, Hua and Wang, Haifeng},
    journal = {arXiv preprint arXiv:2010.12148},
    year    = {2020}
}

@article{xiong2019pretrained,
    title   = {Pretrained encyclopedia: Weakly supervised knowledge-pretrained language model},
    author  = {Xiong, Wenhan and Du, Jingfei and Wang, William Yang and Stoyanov, Veselin},
    journal = {arXiv preprint arXiv:1912.09637},
    year    = {2019}
}


@article{xu2008constructing,
    title   = {Constructing the affective lexicon ontology},
    author  = {Xu, Linhong and Lin, Hongfei and Pan, Yu and Ren, Hui and Chen, Jianmei},
    journal = {Journal of the China society for scientific and technical information},
    volume  = {27},
    number  = {2},
    pages   = {180--185},
    year    = {2008}
}

@article{xu2019bert,
    title   = {BERT post-training for review reading comprehension and aspect-based sentiment analysis},
    author  = {Xu, Hu and Liu, Bing and Shu, Lei and Yu, Philip S},
    journal = {arXiv preprint arXiv:1904.02232},
    year    = {2019}
}

@inproceedings{xu2019multi,
    title     = {Multi-interactive memory network for aspect based multimodal sentiment analysis},
    author    = {Xu, Nan and Mao, Wenji and Chen, Guandan},
    booktitle = {Proceedings of the AAAI Conference on Artificial Intelligence},
    volume    = {33},
    number    = {01},
    pages     = {371--378},
    year      = {2019}
}

@article{yang2020sentiment,
    title     = {Sentiment analysis for E-commerce product reviews in Chinese based on sentiment lexicon and deep learning},
    author    = {Yang, Li and Li, Ying and Wang, Jin and Sherratt, R Simon},
    journal   = {IEEE access},
    volume    = {8},
    pages     = {23522--23530},
    year      = {2020},
    publisher = {IEEE}
}
@misc{zettili2003quantum,
    title     = {Quantum mechanics: concepts and applications},
    author    = {Zettili, Nouredine},
    year      = {2003},
    publisher = {AAPT}
}

@inproceedings{zhang2011identifying,
    title     = {Identifying noun product features that imply opinions},
    author    = {Zhang, Lei and Liu, Bing},
    booktitle = {Proceedings of the 49th annual meeting of the Association for Computational Linguistics: human language technologies},
    pages     = {575--580},
    year      = {2011}
}

@inproceedings{zhang2018construction,
    title     = {Construction of a Chinese Corpus for the Analysis of the Emotionality of Metaphorical Expressions},
    author    = {Zhang, Dongyu and Lin, Hongfei and Yang, Liang and Zhang, Shaowu and Xu, Bo},
    booktitle = {Proceedings of the 56th Annual Meeting of the Association for Computational Linguistics (Volume 2: Short Papers)},
    pages     = {144--150},
    year      = {2018}
}

@inproceedings{zhao2008adding,
    title     = {Adding redundant features for CRFs-based sentence sentiment classification},
    author    = {Zhao, Jun and Liu, Kang and Wang, Gen},
    booktitle = {Proceedings of the 2008 Conference on Empirical Methods in Natural Language Processing},
    pages     = {117--126},
    year      = {2008}
}

@inproceedings{zhao2012collocation,
    title     = {Collocation polarity disambiguation using web-based pseudo contexts},
    author    = {Zhao, Yanyan and Qin, Bing and Liu, Ting},
    booktitle = {Proceedings of the 2012 Joint Conference on Empirical Methods in Natural Language Processing and Computational Natural Language Learning},
    pages     = {160--170},
    year      = {2012}
}

@inproceedings{zhou2018commonsense,
    title     = {Commonsense knowledge aware conversation generation with graph attention.},
    author    = {Zhou, Hao and Young, Tom and Huang, Minlie and Zhao, Haizhou and Xu, Jingfang and Zhu, Xiaoyan},
    booktitle = {IJCAI},
    pages     = {4623--4629},
    year      = {2018}
}

@article{zuo2020context,
    title     = {Context-specific heterogeneous graph convolutional network for implicit sentiment analysis},
    author    = {Zuo, Enguang and Zhao, Hui and Chen, Bo and Chen, Qiuchang},
    journal   = {IEEE Access},
    volume    = {8},
    pages     = {37967--37975},
    year      = {2020},
    publisher = {IEEE},
    doi       = { 10.1109/ACCESS.2020.2975244}
}

@article{zurek2014quantum,
    title   = {Quantum Darwinism, classical reality, and the randomness of quantum jumps},
    author  = {Zurek, Wojciech H},
    journal = {arXiv preprint arXiv:1412.5206},
    year    = {2014}
}
