@article{Li2020TowardsDP,
  title={Towards Differentially Private Truth Discovery for Crowd Sensing Systems},
  author={Yaliang Li and Houping Xiao and Zhan Qin and Chenglin Miao and Lu Su and Jing Gao and Kui Ren and Bolin Ding},
  journal={ICDCS},
  year={2020},
  pages={1156-1166}
}

@article{Li2018AnET,
  title={An Efficient Two-Layer Mechanism for Privacy-Preserving Truth Discovery},
  author={Yaliang Li and Chenglin Miao and Lu Su and Jing Gao and Qi Li and Bolin Ding and Zhan Qin and Kui Ren},
  journal={KDD},
  year={2018}
}

@article{Zheng2020PrivacyAwareAE,
  title={Privacy-Aware and Efficient Mobile Crowdsensing with Truth Discovery},
  author={Yifeng Zheng and Huayi Duan and Xingliang Yuan and Cong Wang},
  journal={IEEE Transactions on Dependable and Secure Computing},
  year={2020},
  volume={17},
  pages={121-133}
}

@article{ZHANG2020101848,
title = {An efficient and privacy-preserving truth discovery scheme in crowdsensing applications},
journal = {Computers \& Security},
volume = {97},
pages = {101848},
year = {2020},
issn = {0167-4048},
author = {Chuan Zhang and Chang Xu and Liehuang Zhu and Yanwei Li and Can Zhang and Huishu Wu},
}

@article{Zhang2021ReliableAP,
  title={Reliable and Privacy-Preserving Truth Discovery for Mobile Crowdsensing Systems},
  author={Chuan Zhang and Liehuang Zhu and Chang Xu and Ximeng Liu and Kashif Sharif},
  journal={IEEE Transactions on Dependable and Secure Computing},
  year={2021},
  volume={18},
  pages={1245-1260}
}

@article{Wang2021AST,
  title={A Secure Truth Discovery for Data Aggregation in Mobile Crowd Sensing},
  author={Taochun Wang and Chengmei Lv and Chengtian Wang and Fulong Chen and Yonglong Luo},
  journal={Secur. Commun. Networks},
  year={2021},
  volume={2021},
  pages={2296386:1-2296386:15}
}

@misc{epflmobility,
    author = {Michal Piorkowski and Natasa Sarafijanovic-Djukic and Matthias Grossglauser},
    title = {{CRAWDAD} dataset epfl/mobility (v. 2009-02-24)},
    howpublished = {Downloaded from \url{https://crawdad.org/epfl/mobility/20090224}},
    doi = {10.15783/C7J010},
    month = feb,
    year = 2009
}

@article{wang2013credibility,
  title={On credibility estimation tradeoffs in assured social sensing},
  author={Wang, Dong and Kaplan, Lance and Abdelzaher, Tarek and Aggarwal, Charu C},
  journal={IEEE Journal on Selected Areas in Communications},
  volume={31},
  number={6},
  pages={1026--1037},
  year={2013},
  publisher={IEEE}
}

@book{murphy2012machine,
  title={Machine learning: a probabilistic perspective},
  author={Murphy, Kevin P},
  year={2012},
  publisher={MIT press}
}

@article{ouyang2015truth,
  title={Truth discovery in crowdsourced detection of spatial events},
  author={Ouyang, Robin Wentao and Srivastava, Mani and Toniolo, Alice and Norman, Timothy J},
  journal={IEEE transactions on knowledge and data engineering},
  volume={28},
  number={4},
  pages={1047--1060},
  year={2015},
  publisher={IEEE}
}

@article{Reddy2010ExaminingMF,
  title={Examining micro-payments for participatory sensing data collections},
  author={S. Reddy and D. Estrin and M. Hansen and M. Srivastava},
  journal={UbiComp},
  year={2010}
}

@article{tang2011secure,
  author = "Chunming Tang and Guihua Shi and Zhengan Yao",
  title = "Secure multi-party computation protocol for sequencing problem",
  journal = "SCIENTIA SINICA Informationis",
  year = "2011",
  volume = "41",
  number = "7",
  pages = "789-797",
  url = "https://engine.scichina.com/publisher/Science China Press/journal/SCIENTIA SINICA Informationis/41/7/10.1360/zf2011-41-7-789,
  doi = "https://doi.org/10.1360/zf2011-41-7-789"
}

@article{Konecn2016FederatedLS,
  title={Federated Learning: Strategies for Improving Communication Efficiency},
  author={Jakub Konecn{\'y} and H. McMahan and F. Yu and Peter Richt{\'a}rik and A. T. Suresh and D. Bacon},
  journal={ArXiv},
  year={2016},
  volume={1610.05492}
}

@article{Liu2018SecureFT,
  title={Secure Federated Transfer Learning},
  author={Y. Liu and Tianjian Chen and Qiang Yang},
  journal={ArXiv},
  year={2018},
  volume={1812.03337}
}

@article{Cheng2019SecureBoostAL,
  title={SecureBoost: A Lossless Federated Learning Framework},
  author={K. Cheng and T. Fan and Yilun Jin and Yang Liu and Tianjian Chen and Qiang Yang},
  journal={ArXiv},
  year={2019},
  volume={1901.08755}
}

@inproceedings{Miao2015CloudEnabledPT,
	title={Cloud-Enabled Privacy-Preserving Truth Discovery in Crowd Sensing Systems},
	author={Chenglin Miao and Wenjun Jiang and Lu Su and Y. Li and Suxin Guo and Z. Qin and Houping Xiao and Jing Gao and K. Ren},
	booktitle={SenSys},
	year={2015}
}

@article{Bonawitz2017PracticalSA,
	title={Practical Secure Aggregation for Privacy-Preserving Machine Learning},
	author={Keith Bonawitz and V. Ivanov and Ben Kreuter and Antonio Marcedone and H. McMahan and S. Patel and D. Ramage and A. Segal and K. Seth},
	journal={CCS},
	year={2017}
}

@article{Zheng2018LearningTT,
	title={Learning the Truth Privately and Confidently: Encrypted Confidence-Aware Truth Discovery in Mobile Crowdsensing},
	author={Yifeng Zheng and Huayi Duan and C. Wang},
	journal={IEEE Transactions on Information Forensics and Security},
	year={2018},
	volume={13},
	pages={2475-2489}
}

@article{Tang2018NonInteractivePT,
	title={Non-Interactive Privacy-Preserving Truth Discovery in Crowd Sensing Applications},
	author={X. Tang and C. Wang and Xingliang Yuan and Q. Wang},
	journal={INFOCOM},
	year={2018},
	pages={1988-1996}
}

@article{Peng2018DataQG,
	title={Data Quality Guided Incentive Mechanism Design for Crowdsensing},
	author={D. Peng and F. Wu and G. Chen},
	journal={IEEE Transactions on Mobile Computing},
	year={2018},
	volume={17},
	pages={307-319}
}

@article{Miao2017ALP,
	title={A lightweight privacy-preserving truth discovery framework for mobile crowd sensing systems},
	author={Chenglin Miao and Lu Su and Wenjun Jiang and Y. Li and Miaomiao Tian},
	journal={INFOCOM},
	year={2017},
	pages={1-9}
}

@article{Xu2019EfficientAP,
	title={Efficient and Privacy-Preserving Truth Discovery in Mobile Crowd Sensing Systems},
	author={Guowen Xu and H. Li and S. Liu and M. Wen and R. Lu},
	journal={IEEE Transactions on Vehicular Technology},
	year={2019},
	volume={68},
	pages={3854-3865}
}

@article{Primault2019TheLR,
	title={The Long Road to Computational Location Privacy: A Survey},
	author={Vincent Primault and A. Boutet and S. B. Mokhtar and L. Brunie},
	journal={IEEE Communications Surveys \& Tutorials},
	year={2019},
	volume={21},
	pages={2772-2793}
}

@article{Miao2019PrivacyPreservingTD,
	title={Privacy-Preserving Truth Discovery in Crowd Sensing Systems},
	author={Chenglin Miao and Wenjun Jiang and Lu Su and Y. Li and Suxin Guo and Z. Qin and Houping Xiao and Jing Gao and K. Ren},
	journal={ACM Transactions on Sensor Networks},
	year={2019},
	volume={15},
	pages={1 - 32}
}

@article{Zhao2012ABA,
	title={A Bayesian Approach to Discovering Truth from Conflicting Sources for Data Integration},
	author={Bo Zhao and Benjamin I. P. Rubinstein and J. Gemmell and J. Han},
	journal={Proc. VLDB Endow.},
	year={2012},
	volume={5},
	pages={550-561}
}

@inproceedings{Pasternack2013LatentCA,
	title={Latent credibility analysis},
	author={Jeff Pasternack and D. Roth},
	booktitle={WWW},
	year={2013}
}

@article{Li2015OnTD,
	title={On the Discovery of Evolving Truth},
	author={Y. Li and Qi Li and Jing Gao and Lu Su and Bo Zhao and W. Fan and Jiawei Han},
	journal={KDD},
	year={2015},
	volume={2015},
	pages={
	675-684
	}
}

@article{Li2014ACA,
	title={A Confidence-Aware Approach for Truth Discovery on Long-Tail Data},
	author={Qi Li and Y. Li and Jing Gao and Lu Su and Bo Zhao and M. Demirbas and W. Fan and J. Han},
	journal={Proc. VLDB Endow.},
	year={2014},
	volume={8},
	pages={425-436}
}

@article{Wang2019MobileCT,
	title={Mobile Crowdsourcing Task Allocation with Differential-and-Distortion Geo-Obfuscation},
	author={Leye Wang and Dingqi Yang and Xiao Han and Daqing Zhang and Xiaojuan Ma},
	journal={IEEE Transactions on Dependable and Secure Computing},
	year={2021},
	volume={18},
	pages={967-981}
}

@article{Wang2019PersonalizedPT,
	title={Personalized Privacy-Preserving Task Allocation for Mobile Crowdsensing},
	author={Zhibo Wang and J. Hu and Ruizhao Lv and Jian Wei and Q. Wang and D. Yang and H. Qi},
	journal={IEEE Transactions on Mobile Computing},
	year={2019},
	volume={18},
	pages={1330-1341}
}

@article{Wang2020SparseMC,
	title={Sparse Mobile Crowdsensing With Differential and Distortion Location Privacy},
	author={Leye Wang and Daqing Zhang and D. Yang and Brian Y. Lim and X. Han and Xiaojuan Ma},
	journal={IEEE Transactions on Information Forensics and Security},
	year={2020},
	volume={15},
	pages={2735-2749}
}

@article{Zhou2018LocationPD,
	title={Location Privacy-Preserving Data Recovery for Mobile Crowdsensing},
	author={Tongqing Zhou and Zhiping Cai and Bin Xiao and Leye Wang and Ming Xu and Y. Chen},
	journal={IMWUT},
	year={2018},
	volume={2},
	pages={1 - 23}
}

@article{Wang2017LocationPT,
	title={Location Privacy-Preserving Task Allocation for Mobile Crowdsensing with Differential Geo-Obfuscation},
	author={Leye Wang and D. Yang and Xiao Han and Tianben Wang and Daqing Zhang and Xiaojuan Ma},
	journal={WWW},
	year={2017}
}

@article{Wang2014SurrogateMS,
	title={Surrogate mobile sensing},
	author={D. Wang and T. Abdelzaher and Lance M. Kaplan},
	journal={IEEE Communications Magazine},
	year={2014},
	volume={52},
	pages={36-41}
}

@inproceedings{Whitehill2009WhoseVS,
	title={Whose Vote Should Count More: Optimal Integration of Labels from Labelers of Unknown Expertise},
	author={Jacob Whitehill and P. Ruvolo and Tingfan Wu and J. Bergsma and J. Movellan},
	booktitle={NeurIPS},
	year={2009}
}

@inproceedings{li2014the,
	title="The wisdom of minority: discovering and targeting the right group of workers for crowdsourcing",
	author="Hongwei {Li} and Bo {Zhao} and Ariel {Fuxman}",
	booktitle="WWW",
	pages="165--176",
	notes="Sourced from Microsoft Academic - https://academic.microsoft.com/paper/2055733113",
	year="2014"
}

@article{li2016survey,
	author = {Li, Yaliang and Gao, Jing and Meng, Chuishi and Li, Qi and Su, Lu and Zhao, Bo and Fan, Wei and Han, Jiawei},
	title = {A Survey on Truth Discovery},
	year = {2016},
	issue_date = {December 2015},
	publisher = {Association for Computing Machinery},
	address = {New York, NY, USA},
	volume = {17},
	number = {2},
	issn = {1931-0145},
	url = {https://doi.org/10.1145/2897350.2897352},
	doi = {10.1145/2897350.2897352},
	journal = {SIGKDD Explor. Newsl.},
	month = feb,
	pages = {1–16},
	numpages = {16}
}

@inproceedings{wang2015ccs,
  title={{CCS-TA}: quality-guaranteed online task allocation in compressive crowdsensing},
  author={Wang, Leye and Zhang, Daqing and Pathak, Animesh and Chen, Chao and Xiong, Haoyi and Yang, Dingqi and Wang, Yasha},
  booktitle={UbiComp},
  pages={683--694},
  year={2015},
  organization={ACM}
}

@ARTICLE{liu2020secure,
  author={Y. {Liu} and Y. {Kang} and C. {Xing} and T. {Chen} and Q. {Yang}},
  journal={IEEE Intelligent Systems},
  title={A Secure Federated Transfer Learning Framework},
  year={2020},
  volume={35},
  number={4},
  pages={70-82},}

@misc{sealcrypto,
	title = {{M}icrosoft {SEAL} (release 3.5)},
	howpublished = {\url{https://github.com/Microsoft/SEAL}},
	month = apr,
	year = {2020},
	note = {Microsoft Research, Redmond, WA.},
	key = {SEAL}
}

@article{yin2008truth,
	title={Truth discovery with multiple conflicting information providers on the web},
	author={Yin, Xiaoxin and Han, Jiawei and Philip, S Yu},
	journal={IEEE Transactions on Knowledge and Data Engineering},
	volume={20},
	number={6},
	pages={796--808},
	year={2008},
	publisher={IEEE}
}

@inproceedings{meng2015truth,
	title={Truth discovery on crowd sensing of correlated entities},
	author={Meng, Chuishi and Jiang, Wenjun and Li, Yaliang and Gao, Jing and Su, Lu and Ding, Hu and Cheng, Yun},
	booktitle={Proceedings of the 13th ACM Conference on Embedded Networked Sensor Systems},
	pages={169--182},
	year={2015}
}

@inproceedings{wang2012truth,
	title={On truth discovery in social sensing: A maximum likelihood estimation approach},
	author={Wang, Dong and Kaplan, Lance and Le, Hieu and Abdelzaher, Tarek},
	booktitle={IPSN},
	pages={233--244},
	year={2012}
}

@article{zhang20144w1h,
  title={4W1H in mobile crowd sensing},
  author={Zhang, Daqing and Wang, Leye and Xiong, Haoyi and Guo, Bin},
  journal={IEEE Communications Magazine},
  volume={52},
  number={8},
  pages={42--48},
  year={2014},
  publisher={IEEE}
}

@article{ganti2011mobile,
	title={Mobile crowdsensing: current state and future challenges},
	author={Ganti, Raghu K and Ye, Fan and Lei, Hui},
	journal={IEEE Communications Magazine},
	volume={49},
	number={11},
	pages={32--39},
	year={2011},
	publisher={Citeseer}
}

@article{ma2014opportunities,
	title={Opportunities in mobile crowd sensing},
	author={Ma, Huadong and Zhao, Dong and Yuan, Peiyan},
	journal={IEEE Communications Magazine},
	volume={52},
	number={8},
	pages={29--35},
	year={2014},
	publisher={IEEE}
}

@article{wang2016sparse,
	title={Sparse mobile crowdsensing: challenges and opportunities},
	author={Wang, Leye and Zhang, Daqing and Wang, Yasha and Chen, Chao and Han, Xiao and M'hamed, Abdallah},
	journal={IEEE Communications Magazine},
	volume={54},
	number={7},
	pages={161--167},
	year={2016},
	publisher={IEEE}
}

@book{kong2019compressive,
	title={When Compressive Sensing Meets Mobile Crowdsensing},
	author={Kong, Linghe and Wang, Bowen and Chen, Guihai},
	year={2019},
	publisher={Springer}
}

@inproceedings{xu2015more,
	title={More with less: Lowering user burden in mobile crowdsourcing through compressive sensing},
	author={Xu, Liwen and Hao, Xiaohong and Lane, Nicholas D and Liu, Xin and Moscibroda, Thomas},
	booktitle={UbiComp},
	pages={659--670},
	year={2015},
	organization={ACM}
}

@inproceedings{xie2019active,
	title={Active Sparse Mobile Crowd Sensing Based on Matrix Completion},
	author={Xie, Kun and Li, Xiaocan and Wang, Xin and Xie, Gaogang and Wen, Jigang and Zhang, Dafang},
	booktitle={SIGMOD},
	pages={195--210},
	year={2019},
	organization={ACM}
}

@article{gong2018task,
	title={Task assignment in mobile crowdsensing: Present and future directions},
	author={Gong, Wei and Zhang, Baoxian and Li, Cheng},
	journal={IEEE network},
	volume={32},
	number={4},
	pages={100--107},
	year={2018},
	publisher={IEEE}
}

@inproceedings{wang2016differential,
	title={Differential location privacy for sparse mobile crowdsensing},
	author={Wang, Leye and Zhang, Daqing and Yang, Dingqi and Lim, Brian Y and Ma, Xiaojuan},
	booktitle={ICDM},
	pages={1257--1262},
	year={2016},
	organization={IEEE}
}

@inproceedings{andres2013geo,
	title={Geo-Indistinguishability: Differential Privacy for Location-Based Systems},
	author={Andr{\'e}s, Miguel and Bordenabe, Nicol{\'a}s and Chatzikokolakis, Konstantinos and Palamidessi, Catuscia},
	booktitle={CCS},
	pages={901--914},
	year={2013},
	organization={ACM}
}

@article{shamir1979share,
  title={How to share a secret},
  author={Shamir, Adi},
  journal={Communications of the ACM},
  volume={22},
  number={11},
  pages={612--613},
  year={1979},
  publisher={ACm New York, NY, USA}
}

@article{konevcny2016federated,
	title={Federated learning: Strategies for improving communication efficiency},
	author={Kone{\v{c}}n{\`y}, Jakub and McMahan, H Brendan and Yu, Felix X and Richt{\'a}rik, Peter and Suresh, Ananda Theertha and Bacon, Dave},
	journal={arXiv:1610.05492},
	year={2016}
}

@article{hard2018federated,
	title={Federated learning for mobile keyboard prediction},
	author={Hard, Andrew and Rao, Kanishka and Mathews, Rajiv and Ramaswamy, Swaroop and Beaufays, Fran{\c{c}}oise and Augenstein, Sean and Eichner, Hubert and Kiddon, Chlo{\'e} and Ramage, Daniel},
	journal={arXiv:1811.03604},
	year={2018}
}


@article{yang2019federated,
	title={Federated machine learning: Concept and applications},
	author={Yang, Qiang and Liu, Yang and Chen, Tianjian and Tong, Yongxin},
	journal={ACM Transactions on Intelligent Systems and Technology},
	volume={10},
	number={2},
	pages={12},
	year={2019},
	publisher={ACM}
}

@article{chai2020secure,
	title={Secure Federated Matrix Factorization},
	author={Chai, Di and Wang, Leye and Chen, Kai and Yang, Qiang},
	journal={IEEE Intelligent Systems},
	year={2020}
}

@article{han2021hidden,
  title={Is hidden safe? Location protection against machine-learning prediction attacks in social networks},
  author={Han, Xiao and Wang, Leye and Fan, Weiguo},
  journal={MIS Quarterly},
  volume={45},
  number={2},
  pages={821--858},
  year={2021}
}