%% Journal article
@article{bib1,
  author		= "Campbell, S. L. and Gear, C. W.",
  title			= "The index of general nonlinear {D}{A}{E}{S}",
  journal		= "Numer. {M}ath.",
  volume		= "72",
  number		= "2",
  pages			= "173--196",
  year			= "1995"
}

%% Journal article with DOI
@article{bib2,
  author		= "Slifka, M. K. and Whitton, J. L.",
  title			= "Clinical implications of dysregulated cytokine production",
  journal		= "J. {M}ol. {M}ed.",
  volume		= "78",
  pages			= "74--80",
  year			= "2000",
  doi			= "10.1007/s001090000086"
}

%% Journal article
@article{bib3,
  author		= "Hamburger, C.",
  title			= "Quasimonotonicity, regularity and duality for nonlinear systems of 
					partial differential equations",
  journal		= "Ann. Mat. Pura. Appl.",
  volume		= "169",
  number		= "2",
  pages			= "321--354",
  year			= "1995"
}

%% book, authored
@book{bib4,
  author		= "Geddes, K. O. and Czapor, S. R. and Labahn, G.",
  title			= "Algorithms for {C}omputer {A}lgebra",
  address		= "Boston",
  publisher		= "Kluwer",
  year			= "1992"
}

%% Item 8. Book, chapter
@incollection{bib5,
  author		= "Broy, M.",
  title			= "Software engineering---from auxiliary to key technologies",
  editor		= "Broy, M. and Denert, E.",
  booktitle		= "Software Pioneers",
  pages			= "10--13",
  address		= "New {Y}ork",
  publisher		= "Springer",
  year			= "1992"
}

%% Book, edited
@book{bib6,
  editor		= "Seymour, R. S.",
  title			= "Conductive {P}olymers",
  address		= "New {Y}ork",
  publisher		= "Plenum",
  year			= "1981"
}

%% Chapter in a book in a series with volume titles
@inproceedings{bib7,
  author		= "Smith, S. E.",
  title			= "Neuromuscular blocking drugs in man",
  editor		= "Zaimis, E.",
  volume		= "42",
  booktitle		= "Neuromuscular junction. {H}andbook of experimental pharmacology",
  pages			= "593--660",
  address		= "Heidelberg",
  publisher		= "Springer",
  year			= "1976"
}

%% Paper presented at a conference
@misc{bib8,
  author		= "Chung, S. T. and Morris, R. L.",
  title			= "Isolation and characterization of plasmid deoxyribonucleic acid from 
					Streptomyces fradiae",
  year			= "1978",
  note			= "Paper presented at the 3rd international symposium on the genetics 
					of industrial microorganisms, University of {W}isconsin, {M}adison, 
					4--9 June 1978"
}

%% Data citation example
@misc{bib9,
  author		= "Hao, Z. and AghaKouchak, A. and Nakhjiri, N. and Farahmand, A.",
  title			= "Global integrated drought monitoring and prediction system (GIDMaPS) data sets", 
  year			= "2014",
  note			= "figshare \url{https://doi.org/10.6084/m9.figshare.853801}"
}

%% Preprint citation example
@misc{bib10, 
  author		= "Babichev, S. A. and Ries, J. and Lvovsky, A. I.",
  title			= "Quantum scissors: teleportation of single-mode optical states by means 
					of a nonlocal single photon", 
  year			= "2002",
  note			= "Preprint at \url{https://arxiv.org/abs/quant-ph/0208066v1}"
}

@article{bib11,
  author		= "Beneke, M. and Buchalla, G. and Dunietz, I.",
  title			= "Mixing induced {CP} asymmetries in inclusive {B} decays",
  journal		= "Phys. {L}ett.",
  volume		= "B393",
  year			= "1997",
  pages			= "132-142",
  archivePrefix		= "arXiv",
  eprint		= "0707.3168",
  primaryClass		= "gr-gc"
}

@softmisc{bib12,
  author		= "Stahl, B.",
  title			= "deep{SIP}: deep learning of {S}upernova {I}a {P}arameters",
  version		= "0.42",
  keywords		= "Software",
  howpublished		= "Astrophysics {S}ource {C}ode {L}ibrary",
  year			= "2020",
  month			= "Jun",
  eid			= "ascl:2006.023",
  pages			= "ascl:2006.023",
  archivePrefix		= "ascl",
  eprint		= "2006.023",
  adsurl		= "{https://ui.adsabs.harvard.edu/abs/2020ascl.soft06023S}",
  adsnote		= "Provided by the SAO/NASA Astrophysics Data System"
}

%%============================================================================%%
%% while using chicago reference style, both abbreviated and expanded form of %%
%% author name format is acceptable. Refer below example for expanded form    %%
%%============================================================================%%

%%  author		= "{Cameron, Deborah}", - single author
%%  author		= "{Saito, Yukio} and {Hyuga, Hiroyuki}", - double author 

%%======================================%%
%% Example for author names with suffix %%
%%======================================%%

%%  author		= "{Price, R. A. Jr} and {Curry, N. {III}} and McCann, K. E. and 
%%					Fielding, J. L. and {Abercrombie, E. Jr}",

% Journals

% First the Full Name is given, then the abbreviation used in the AMS Math
% Reviews, with an indication if it could not be found there.
% Note the 2nd overwrites the 1st, so swap them if you want the full name.

 %{AMS}
 @String{AMSTrans = "American Mathematical Society Translations" }
 @String{AMSTrans = "Amer. Math. Soc. Transl." }
 @String{BullAMS = "Bulletin of the American Mathematical Society" }
 @String{BullAMS = "Bull. Amer. Math. Soc." }
 @String{ProcAMS = "Proceedings of the American Mathematical Society" }
 @String{ProcAMS = "Proc. Amer. Math. Soc." }
 @String{TransAMS = "Transactions of the American Mathematical Society" }
 @String{TransAMS = "Trans. Amer. Math. Soc." }

 %ACM
 @String{CACM = "Communications of the {ACM}" }
 @String{CACM = "Commun. {ACM}" }
 @String{CompServ = "Comput. Surveys" }
 @String{JACM = "J. ACM" }
 @String{ACMMathSoft = "{ACM} Transactions on Mathematical Software" }
 @String{ACMMathSoft = "{ACM} Trans. Math. Software" }
 @String{SIGNUM = "{ACM} {SIGNUM} Newsletter" }
 @String{SIGNUM = "{ACM} {SIGNUM} Newslett." }

 @String{AmerSocio = "American Journal of Sociology" }
 @String{AmerStatAssoc = "Journal of the American Statistical Association" }
 @String{AmerStatAssoc = "J. Amer. Statist. Assoc." }
 @String{ApplMathComp = "Applied Mathematics and Computation" }
 @String{ApplMathComp = "Appl. Math. Comput." }
 @String{AmerMathMonthly = "American Mathematical Monthly" }
 @String{AmerMathMonthly = "Amer. Math. Monthly" }
 @String{BIT = "{BIT}" }
 @String{BritStatPsych = "British Journal of Mathematical and Statistical
          Psychology" }
 @String{BritStatPsych = "Brit. J. Math. Statist. Psych." }
 @String{CanMathBull = "Canadian Mathematical Bulletin" }
 @String{CanMathBull = "Canad. Math. Bull." }
 @String{CompApplMath = "Journal of Computational and Applied Mathematics" }
 @String{CompApplMath = "J. Comput. Appl. Math." }
 @String{CompPhys = "Journal of Computational Physics" }
 @String{CompPhys = "J. Comput. Phys." }
 @String{CompStruct = "Computers and Structures" }
 @String{CompStruct = "Comput. \& Structures" }
 @String{CompJour = "The Computer Journal" }
 @String{CompJour = "Comput. J." }
 @String{CompSysSci = "Journal of Computer and System Sciences" }
 @String{CompSysSci = "J. Comput. System Sci." }
 @String{Computing = "Computing" }
 @String{ContempMath = "Contemporary Mathematics" }
 @String{ContempMath = "Contemp. Math." }
 @String{Crelle = "Crelle's Journal" }
 @String{GiornaleMath = "Giornale di Mathematiche" }
 @String{GiornaleMath = "Giorn. Mat." } % didn't find in AMS MR., ibid.

 %IEEE
 @String{Computer = "{IEEE} Computer" }
 @String{IEEETransComp = "{IEEE} Transactions on Computers" }
 @String{IEEETransComp = "{IEEE} Trans. Comput." }
 @String{IEEETransAC = "{IEEE} Transactions on Automatic Control" }
 @String{IEEETransAC = "{IEEE} Trans. Automat. Control" }
 @String{IEEESpec = "{IEEE} Spectrum" } % didn't find in AMS MR
 @String{ProcIEEE = "Proceedings of the {IEEE}" }
 @String{ProcIEEE = "Proc. {IEEE}" } % didn't find in AMS MR
 @String{IEEETransAeroElec = "{IEEE} Transactions on Aerospace and Electronic
     Systems" }
 @String{IEEETransAeroElec = "{IEEE} Trans. Aerospace Electron. Systems" }

 @String{IMANumerAna = "{IMA} Journal of Numerical Analysis" }
 @String{IMANumerAna = "{IMA} J. Numer. Anal." }
 @String{InfProcLet = "Information Processing Letters" }
 @String{InfProcLet = "Inform. Process. Lett." }
 @String{InstMathApp = "Journal of the Institute of Mathematics and
     its Applications" }
 @String{InstMathApp = "J. Inst. Math. Appl." }
 @String{IntControl = "International Journal of Control" }
 @String{IntControl = "Internat. J. Control" }
 @String{IntNumerEng = "International Journal for Numerical Methods in
     Engineering" }
 @String{IntNumerEng = "Internat. J. Numer. Methods Engrg." }
 @String{IntSuper = "International Journal of Supercomputing Applications" }
 @String{IntSuper = "Internat. J. Supercomputing Applic." } % didn't find
%% in AMS MR
 @String{Kibernetika = "Kibernetika" }
 @String{JResNatBurStand = "Journal of Research of the National Bureau
     of Standards" }
 @String{JResNatBurStand = "J. Res. Nat. Bur. Standards" }
 @String{LinAlgApp = "Linear Algebra and its Applications" }
 @String{LinAlgApp = "Linear Algebra Appl." }
 @String{MathAnaAppl = "Journal of Mathematical Analysis and Applications" }
 @String{MathAnaAppl = "J. Math. Anal. Appl." }
 @String{MathAnnalen = "Mathematische Annalen" }
 @String{MathAnnalen = "Math. Ann." }
 @String{MathPhys = "Journal of Mathematical Physics" }
 @String{MathPhys = "J. Math. Phys." }
 @String{MathComp = "Mathematics of Computation" }
 @String{MathComp = "Math. Comp." }
 @String{MathScand = "Mathematica Scandinavica" }
 @String{MathScand = "Math. Scand." }
 @String{TablesAidsComp = "Mathematical Tables and Other Aids to Computation" }
 @String{TablesAidsComp = "Math. Tables Aids Comput." }
 @String{NumerMath = "Numerische Mathematik" }
 @String{NumerMath = "Numer. Math." }
 @String{PacificMath = "Pacific Journal of Mathematics" }
 @String{PacificMath = "Pacific J. Math." }
 @String{ParDistComp = "Journal of Parallel and Distributed Computing" }
 @String{ParDistComp = "J. Parallel and Distrib. Comput." } % didn't find
%% in AMS MR
 @String{ParComputing = "Parallel Computing" }
 @String{ParComputing = "Parallel Comput." }
 @String{PhilMag = "Philosophical Magazine" }
 @String{PhilMag = "Philos. Mag." }
 @String{ProcNAS = "Proceedings of the National Academy of Sciences
                    of the USA" }
 @String{ProcNAS = "Proc. Nat. Acad. Sci. U. S. A." }
 @String{Psychometrika = "Psychometrika" }
 @String{QuartMath = "Quarterly Journal of Mathematics, Oxford, Series (2)" }
 @String{QuartMath = "Quart. J. Math. Oxford Ser. (2)" }
 @String{QuartApplMath = "Quarterly of Applied Mathematics" }
 @String{QuartApplMath = "Quart. Appl. Math." }
 @String{RevueInstStat = "Review of the International Statisical Institute" }
 @String{RevueInstStat = "Rev. Inst. Internat. Statist." }

 %SIAM
 @String{JSIAM = "Journal of the Society for Industrial and Applied
     Mathematics" }
 @String{JSIAM = "J. Soc. Indust. Appl. Math." }
 @String{JSIAMB = "Journal of the Society for Industrial and Applied
     Mathematics, Series B, Numerical Analysis" }
 @String{JSIAMB = "J. Soc. Indust. Appl. Math. Ser. B Numer. Anal." }
 @String{SIAMAlgMeth = "{SIAM} Journal on Algebraic and Discrete Methods" }
 @String{SIAMAlgMeth = "{SIAM} J. Algebraic Discrete Methods" }
 @String{SIAMAppMath = "{SIAM} Journal on Applied Mathematics" }
 @String{SIAMAppMath = "{SIAM} J. Appl. Math." }
 @String{SIAMComp = "{SIAM} Journal on Computing" }
 @String{SIAMComp = "{SIAM} J. Comput." }
 @String{SIAMMatrix = "{SIAM} Journal on Matrix Analysis and Applications" }
 @String{SIAMMatrix = "{SIAM} J. Matrix Anal. Appl." }
 @String{SIAMNumAnal = "{SIAM} Journal on Numerical Analysis" }
 @String{SIAMNumAnal = "{SIAM} J. Numer. Anal." }
 @String{SIAMReview = "{SIAM} Review" }
 @String{SIAMReview = "{SIAM} Rev." }
 @String{SIAMSciStat = "{SIAM} Journal on Scientific and Statistical
     Computing" }
 @String{SIAMSciStat = "{SIAM} J. Sci. Statist. Comput." }

 @String{SoftPracExp = "Software Practice and Experience" }
 @String{SoftPracExp = "Software Prac. Experience" } % didn't find in AMS MR
 @String{StatScience = "Statistical Science" }
 @String{StatScience = "Statist. Sci." }
 @String{Techno = "Technometrics" }
 @String{USSRCompMathPhys = "{USSR} Computational Mathematics and Mathematical
     Physics" }
 @String{USSRCompMathPhys = "{U. S. S. R.} Comput. Math. and Math. Phys." }
 @String{VLSICompSys = "Journal of {VLSI} and Computer Systems" }
 @String{VLSICompSys = "J. {VLSI} Comput. Syst." }
 @String{ZAngewMathMech = "Zeitschrift fur Angewandte Mathematik und
     Mechanik" }
 @String{ZAngewMathMech = "Z. Angew. Math. Mech." }
 @String{ZAngewMathPhys = "Zeitschrift fur Angewandte Mathematik und Physik" }
 @String{ZAngewMathPhys = "Z. Angew. Math. Phys." }

% Publishers % ================================================= |

 @String{Academic = "Academic Press" }
 @String{ACMPress = "{ACM} Press" }
 @String{AdamHilger = "Adam Hilger" }
 @String{AddisonWesley = "Addison-Wesley" }
 @String{AllynBacon = "Allyn and Bacon" }
 @String{AMS = "American Mathematical Society" }
 @String{Birkhauser = "Birkha{\"u}ser" }
 @String{CambridgePress = "Cambridge University Press" }
 @String{Chelsea = "Chelsea" }
 @String{ClaredonPress = "Claredon Press" }
 @String{DoverPub = "Dover Publications" }
 @String{Eyolles = "Eyolles" }
 @String{HoltRinehartWinston = "Holt, Rinehart and Winston" }
 @String{Interscience = "Interscience" }
 @String{JohnsHopkinsPress = "The Johns Hopkins University Press" }
 @String{JohnWileySons = "John Wiley and Sons" }
 @String{Macmillan = "Macmillan" }
 @String{MathWorks = "The Math Works Inc." }
 @String{McGrawHill = "McGraw-Hill" }
 @String{NatBurStd = "National Bureau of Standards" }
 @String{NorthHolland = "North-Holland" }
 @String{OxfordPress = "Oxford University Press" }  %address Oxford or London?
 @String{PergamonPress = "Pergamon Press" }
 @String{PlenumPress = "Plenum Press" }
 @String{PrenticeHall = "Prentice-Hall" }
 @String{SIAMPub = "{SIAM} Publications" }
 @String{Springer = "Springer-Verlag" }
 @String{TexasPress = "University of Texas Press" }
 @String{VanNostrand = "Van Nostrand" }
 @String{WHFreeman = "W. H. Freeman and Co." }

%Entries

@Article{Abril07,
  author        = "Patricia S. Abril and Robert Plant",
  title         = "The patent holder's dilemma: Buy, sell, or troll?",
  journal       = "Communications of the ACM",
  volume        = "50",
  number        = "1",
  month         = jan,
  year          = "2007",
  pages         = "36--44",
  doi           = "10.1145/1188913.1188915",
  url           = "http://doi.acm.org/10.1145/1219092.1219093",
  note          = "",
}

@Article{Cohen07,
  author        = "Sarah Cohen and Werner Nutt and Yehoshua Sagic",
  title         = "Deciding equivalances among conjunctive aggregate queries",
  journal       = JACM,
  articleno     = "5",
  numpages      = "50",
  volume        = "54",
  number        = "2",
  month         = apr,
  year          = "2007",
  doi           = "10.1145/1219092.1219093",
  url           = "http://doi.acm.org/10.1145/1219092.1219093",
  acmid         = "1219093",
  note          = "",
}


@periodical{JCohen96,
  key =          "Cohen",
  editor =       "Jacques Cohen",
  title =        "Special issue: Digital Libraries",
  journal =      CACM,
  volume =       "39",
  number =       "11",
  month =        nov,
  year =         "1996",
}


@Book{Kosiur01,
  author =       "David Kosiur",
  title =        "Understanding Policy-Based Networking",
  publisher =    "Wiley",
  year =         "2001",
  address =      "New York, NY",
  edition =      "2nd.",
  editor =       "",
  volume =       "",
  number =       "",
  series =       "",
  month =        "",
  note =         "",
}


@Book{Harel79,
  author =       "David Harel",
  year =         "1979",
  title =        "First-Order Dynamic Logic",
  series =       "Lecture Notes in Computer Science",
  volume =       "68",
  address =      "New York, NY",
  publisher =    "Springer-Verlag",
  doi =          "10.1007/3-540-09237-4",
  url =          "http://dx.doi.org/10.1007/3-540-09237-4",
  editor =       "",
  number =       "",
  month =        "",
  note =         "",
}


@Inbook{Editor00,
  author =       "",
  editor =       "Ian Editor",
  title =        "The title of book one",
  subtitle =     "The book subtitle",
  series =       "The name of the series one",
  year =         "2007",
  volume =       "9",
  address =      "Chicago",
  edition =      "1st.",
  publisher =    "University of Chicago Press",
  doi =          "10.1007/3-540-09237-4",
  url =          "http://dx.doi.org/10.1007/3-540-09456-9",
  chapter =      "",
  pages =        "",
  number =       "",
  type =         "",
  month =        "",
  note =         "",
}

%
@InBook{Editor00a,
  author =       "",
  editor =       "Ian Editor",
  title =        "The title of book two",
  subtitle =     "The book subtitle",
  series =       "The name of the series two",
  year =         "2008",
  address =      "Chicago",
  edition =      "2nd.",
  publisher =    "University of Chicago Press",
  doi =          "10.1007/3-540-09237-4",
  url =          "http://dx.doi.org/10.1007/3-540-09456-9",
  volume =       "",
  chapter =      "100",
  pages =        "",
  number =       "",
  type =         "",
  month =        "",
  note =         "",
}


% incollection (has an editor, title, and possibly a booktitle)
@Incollection{Spector90,
  author =       "Asad Z. Spector",
  title =        "Achieving application requirements",
  booktitle =    "Distributed Systems",
  publisher =    "ACM Press",
  address =      "New York, NY",
  year =         "1990",
  edition =      "2nd.",
  chapter =      "",
  editor =       "Sape Mullender",
  pages =        "19--33",
  doi =          "10.1145/90417.90738",
  url =          "http://doi.acm.org/10.1145/90417.90738",
  volume =       "",
  number =       "",
  series =       "",
  type =         "",
  month =        "",
  note =         "",
}


% incollection (has an editor, title, and possibly a booktitle)
@Incollection{Douglass98,
  author =       "Bruce P. Douglass and David Harel and Mark B. Trakhtenbrot",
  title =        "Statecarts in use: structured analysis and object-orientation",
  series =       "Lecture Notes in Computer Science",
  booktitle =    "Lectures on Embedded Systems",
  publisher =    "Springer-Verlag",
  address =      "London",
  volume =       "1494",
  year =         "1998",
  chapter =      "",
  editor =       "Grzegorz Rozenberg and Frits W. Vaandrager",
  pages =        "368--394",
  doi =          "10.1007/3-540-65193-4_29",
  url =          "http://dx.doi.org/10.1007/3-540-65193-4_29",
  edition =      "",
  number =       "",
  type =         "",
  month =        "",
  note =         "",
}


@Book{Knuth97,
  author =       "Donald E. Knuth",
  title =        "The Art of Computer Programming, Vol. 1: Fundamental Algorithms (3rd. ed.)",
  publisher =    "Addison Wesley Longman Publishing Co., Inc.",
  year =         "1997",
  address =      "",
  edition =      "",
  editor =       "",
  volume =       "",
  number =       "",
  series =       "",
  month =        "",
  note =         "",
}


@Book{Knuth98,
  author =       "Donald E. Knuth",
  year =         "1998",
  title =        "The Art of Computer Programming",
  series =       "Fundamental Algorithms",
  volume =       "1",
  edition =      "3rd",
  address =      "",
  publisher =    "Addison Wesley Longman Publishing Co., Inc.",
  doi =          "",
  url =          "",
  editor =       "",
  number =       "",
  month =        "",
  note =         "(book)",
}

%Inbook{Knuth97,
%  author =       "Donald E. Knuth",
%  title =        "The Art of Computer Programming",
%  booktitle =    "the booktitle",
%  edition =      "3",
%  volume =       "1",
%  year =         "1997",
%  publisher =    "Addison Wesley Longman Publishing Co., Inc.",
%  editor =       "",
%  number =       "",
%  series =       "Fundamental Algorithms",
%  type =         "",
%  chapter =      "",
%  pages =        "",
%  address =      "",
%  month =        "",
%  note =         "(inbook)",
%}

%INBOOK{DK:73-inbook-full,
%   author = "Donald E. Knuth",
%   title = "Fundamental Algorithms (inbook w series)",
%   volume = 1,
%   series = "The Art of Computer Programming",
%   publisher = "Addison-Wesley",
%   address = "Reading, Massachusetts",
%   edition = "Second",
%   month = "10~" # jan,
%   year = "1973",
%   type = "Section",
%   chapter = "1.2",
%   pages = "10--119",
%   note = "Full INBOOK entry (w series)",
%}

%INcollection{DK:74-incoll,
%   author = "Donald E. Knuth",
%   title = "Fundamental Algorithms (incoll)",
%   volume = 1,
%   booktitle = "The Art of Computer Programming",
%   publisher = "Addison-Wesley",
%   address = "Reading, Massachusetts",
%   month = "10~" # jan,
%   year = "1974",
%   pages = "10--119",
%   editor = "Bernard Rous",
%   note = "This is a full incoll entry with an editor",
%}

%INcollection{DK:75-incollws,
%   author = "Donald E. Knuth",
%   title = "Fundamental Algorithms (incoll w series)",
%   volume = 1,
%   booktitle = "The Art of Computer Programming",
%   series = "The Art of Computer Programming",
%   publisher = "Addison-Wesley",
%   address = "Reading, Massachusetts",
%   month = "10~" # jan,
%   year = "1975",
%   pages = "10--119",
%   editor = "Bernard Rous",
%   note = "This is a full incoll entry with an editor and series",
%}


@incollection{GM05,
Author= "Dan Geiger and Christopher Meek",
Title= "Structured Variational Inference Procedures and their Realizations (as incol)",
Year= 2005,
Booktitle="Proceedings of Tenth International Workshop on Artificial Intelligence and Statistics, {\rm The Barbados}",
Publisher="The Society for Artificial Intelligence and Statistics",
Month= jan,
Editors= "Z. Ghahramani and R. Cowell"
}

@Inproceedings{Smith10,
  author =       "Stan W. Smith",
  title =        "An experiment in bibliographic mark-up: Parsing metadata for XML export",
  booktitle =    "Proceedings of the 3rd. annual workshop on Librarians and Computers",
  series =       "LAC '10",
  editor =       "Reginald N. Smythe and Alexander Noble",
  volume =       "3",
  year =         "2010",
  publisher =    "Paparazzi Press",
  address =      "Milan Italy",
  pages =        "422--431",
  doi =          "99.9999/woot07-S422",
  url =          "http://dx.doi.org/99.0000/woot07-S422",
  number =       "",
  month =        "",
  organization = "",
  note =         "",
}

@Inproceedings{VanGundy07,
  author =       "Matthew Van Gundy and Davide Balzarotti and Giovanni Vigna",
  year =         "2007",
  title =        "Catch me, if you can: Evading network signatures with web-based polymorphic worms",
  booktitle =    "Proceedings of the first USENIX workshop on Offensive Technologies",
  series =       "WOOT '07",
  publisher =    "USENIX Association",
  address =      "Berkley, CA",
  articleno =    "7",
  numpages =     "9",
  editor =       "",
  volume =       "",
  number =       "",
  pages =        "",
  month =        "",
  organization = "",
  note =         "",
}

@Inproceedings{VanGundy08,
  author =       "Matthew Van Gundy and Davide Balzarotti and Giovanni Vigna",
  year =         "2008",
  title =        "Catch me, if you can: Evading network signatures with web-based polymorphic worms",
  booktitle =    "Proceedings of the first USENIX workshop on Offensive Technologies",
  series =       "WOOT '08",
  publisher =    "USENIX Association",
  address =      "Berkley, CA",
  articleno =    "7",
  numpages =     "2",
  editor =       "",
  volume =       "",
  number =       "",
  pages =        "99-100",
  month =        "",
  organization = "",
  note =         "",
}

@Inproceedings{VanGundy09,
  author =       "Matthew Van Gundy and Davide Balzarotti and Giovanni Vigna",
  year =         "2009",
  title =        "Catch me, if you can: Evading network signatures with web-based polymorphic worms",
  booktitle =    "Proceedings of the first USENIX workshop on Offensive Technologies",
  series =       "WOOT '09",
  publisher =    "USENIX Association",
  address =      "Berkley, CA",
  articleno =    "",
  numpages =     "",
  editor =       "",
  volume =       "",
  number =       "",
  pages =        "90--100",
  month =        "",
  organization = "",
  note =         "",
}

@Inproceedings{Andler79,
  author =       "Sten Andler",
  title =        "Predicate Path expressions",
  booktitle =    "Proceedings of the 6th. ACM SIGACT-SIGPLAN symposium on Principles of Programming Languages",
  series =       "POPL '79",
  year =         "1979",
  publisher =    "ACM Press",
  address =      "New York, NY",
  pages =        "226--236",
  doi =          "10.1145/567752.567774",
  url =          "http://doi.acm.org/10.1145/567752.567774",
  editor =       "",
  volume =       "",
  number =       "",
  month =        "",
  organization = "",
  note =         "",
}

@Techreport{Harel78,
  author =       "David Harel",
  year =         "1978",
  title =        "LOGICS of Programs: AXIOMATICS and DESCRIPTIVE POWER",
  institution =  "Massachusetts Institute of Technology",
  type =         "MIT Research Lab Technical Report",
  number =       "TR-200",
  address =      "Cambridge, MA",
  month =        "",
  note =         "",
}

@MASTERSTHESIS{anisi03,
author = {David A. Anisi},
title = {Optimal Motion Control of a Ground Vehicle},
school = {Royal Institute of Technology (KTH), Stockholm, Sweden},
intitution = {FOI-R-0961-SE, Swedish Defence Research Agency (FOI)},
year = {2003},
}


@Phdthesis{Clarkson85,
  author =       "Kenneth L. Clarkson",
  year =         "1985",
  title =        "Algorithms for Closest-Point Problems (Computational Geometry)",
  school =       "Stanford University",
  address =      "Palo Alto, CA",
  note =         "UMI Order Number: AAT 8506171",
  type =         "",
  month =        "",
}


@online{Thornburg01,
  author =       "Harry Thornburg",
  year =         "2001",
  title =        "Introduction to Bayesian Statistics",
  url =          "http://ccrma.stanford.edu/~jos/bayes/bayes.html",
  month =        mar,
  lastaccessed = "March 2, 2005",
}


@online{Ablamowicz07,
  author =       "Rafal Ablamowicz and Bertfried Fauser",
  year =         "2007",
  title =        "CLIFFORD: a Maple 11 Package for Clifford Algebra Computations, version 11",
  url =          "http://math.tntech.edu/rafal/cliff11/index.html",
  lastaccessed = "February 28, 2008",
}


@misc{Poker06,
  author =       "Poker-Edge.Com",
  year =         "2006",
  month =        mar,
  title =        "Stats and Analysis",
  lastaccessed = "June 7, 2006",
  url =          "http://www.poker-edge.com/stats.php",
}

@misc{Obama08,
  author        = "Barack Obama",
  year          = "2008",
  title         = "A more perfect union",
  howpublished  = "Video",
  day           = "5",
  url           = "http://video.google.com/videoplay?docid=6528042696351994555",
  month         = mar,
  lastaccessed  = "March 21, 2008",
  note          =  "",
}

@misc{JoeScientist001,
  author =       "Joseph Scientist",
  year =         "2009",
  title =        "The fountain of youth",
  note =         "Patent No. 12345, Filed July 1st., 2008, Issued Aug. 9th., 2009",
  url =          "",
  howpublished = "",
  month =        aug,
  lastaccessed = "",
}


@Inproceedings{Novak03,
  author =       "Dave Novak",
  title =        "Solder man",
  booktitle =    "ACM SIGGRAPH 2003 Video Review on Animation theater Program: Part I - Vol. 145 (July 27--27, 2003)",
  year =         "2003",
  publisher =    "ACM Press",
  address =      "New York, NY",
  pages =        "4",
  month =        "March 21, 2008",
  doi =          "99.9999/woot07-S422",
  url =          "http://video.google.com/videoplay?docid=6528042696351994555",
  note =         "",
  howpublished = "Video",
  editor =       "",
  volume =       "",
  number =       "",
  series =       "",
  organization = "",
}


@article{Lee05,
  author =       "Newton Lee",
  year =         "2005",
  title =        "Interview with Bill Kinder: January 13, 2005",
  journal =      "Comput. Entertain.",
  eid =          "4",
  volume =       "3",
  number =       "1",
  month =        "Jan.-March",
  doi =          "10.1145/1057270.1057278",
  url =          "http://doi.acm.org/10.1145/1057270.1057278",
  howpublished = "Video",
  note =         "",
}

@article{Rous08,
  author =       "Bernard Rous",
  year =         "2008",
  title =        "The Enabling of Digital Libraries",
  journal =      "Digital Libraries",
  volume =       "12",
  number =       "3",
  month =        jul,
  articleno =    "5",
  doi =          "",
  url =          "",
  howpublished = "",
  note =         "To appear",
}

@article{384253,
 author = {Werneck,, Renato and Setubal,, Jo\~{a}o and da Conceic\~{a}o,, Arlindo},
 title = {(old) Finding minimum congestion spanning trees},
 journal = {J. Exp. Algorithmics},
 volume = {5},
 year = {2000},
 issn = {1084-6654},
 pages = {11},
 doi = {http://doi.acm.org/10.1145/351827.384253},
 publisher = {ACM},
 address = {New York, NY, USA},
 }


@article{Werneck:2000:FMC:351827.384253,
 author = {Werneck, Renato and Setubal, Jo\~{a}o and da Conceic\~{a}o, Arlindo},
 title = {(new) Finding minimum congestion spanning trees},
 journal = {J. Exp. Algorithmics},
 volume = {5},
 month = dec,
 year = {2000},
 issn = {1084-6654},
 articleno = {11},
 url = {http://portal.acm.org/citation.cfm?id=351827.384253},
 doi = {10.1145/351827.384253},
 acmid = {384253},
 publisher = {ACM},
 address = {New York, NY, USA},
}

@article{1555162,
 author = {Conti, Mauro and Di Pietro, Roberto and Mancini, Luigi V. and Mei, Alessandro},
 title = {(old) Distributed data source verification in wireless sensor networks},
 journal = {Inf. Fusion},
 volume = {10},
 number = {4},
 year = {2009},
 issn = {1566-2535},
 pages = {342--353},
 doi = {http://dx.doi.org/10.1016/j.inffus.2009.01.002},
 publisher = {Elsevier Science Publishers B. V.},
 address = {Amsterdam, The Netherlands, The Netherlands},
 }

@article{Conti:2009:DDS:1555009.1555162,
 author = {Conti, Mauro and Di Pietro, Roberto and Mancini, Luigi V. and Mei, Alessandro},
 title = {(new) Distributed data source verification in wireless sensor networks},
 journal = {Inf. Fusion},
 volume = {10},
 number = {4},
 month = oct,
 year = {2009},
 issn = {1566-2535},
 pages = {342--353},
 numpages = {12},
 url = {http://portal.acm.org/citation.cfm?id=1555009.1555162},
 doi = {10.1016/j.inffus.2009.01.002},
 acmid = {1555162},
 publisher = {Elsevier Science Publishers B. V.},
 address = {Amsterdam, The Netherlands, The Netherlands},
 keywords = {Clone detection, Distributed protocol, Securing data fusion, Wireless sensor networks},
}

@inproceedings{Li:2008:PUC:1358628.1358946,
 author = {Li, Cheng-Lun and Buyuktur, Ayse G. and Hutchful, David K. and Sant, Natasha B. and Nainwal, Satyendra K.},
 title = {Portalis: using competitive online interactions to support aid initiatives for the homeless},
 booktitle = {CHI '08 extended abstracts on Human factors in computing systems},
 year = {2008},
 isbn = {978-1-60558-012-X},
 location = {Florence, Italy},
 pages = {3873--3878},
 numpages = {6},
 url = {http://portal.acm.org/citation.cfm?id=1358628.1358946},
 doi = {10.1145/1358628.1358946},
 acmid = {1358946},
 publisher = {ACM},
 address = {New York, NY, USA},
 keywords = {cscw, distributed knowledge acquisition, incentive design, online games, recommender systems, reputation systems, user studies, virtual community},
}

@book{Hollis:1999:VBD:519964,
 author = {Hollis, Billy S.},
 title = {Visual Basic 6: Design, Specification, and Objects with Other},
 year = {1999},
 isbn = {0130850845},
 edition = {1st},
 publisher = {Prentice Hall PTR},
 address = {Upper Saddle River, NJ, USA},
 }


@book{Goossens:1999:LWC:553897,
 author = {Goossens, Michel and Rahtz, S. P. and Moore, Ross and Sutor, Robert S.},
 title = {The  Latex Web Companion: Integrating TEX, HTML, and XML},
 year = {1999},
 isbn = {0201433117},
 edition = {1st},
 publisher = {Addison-Wesley Longman Publishing Co., Inc.},
 address = {Boston, MA, USA},
 }

% need to test genres for errant isbn output

% techreport
@techreport{897367,
 author = {Buss, Jonathan F. and Rosenberg, Arnold L. and Knott, Judson D.},
 title = {Vertex Types in Book-Embeddings},
 year = {1987},
 source = {http://www.ncstrl.org:8900/ncstrl/servlet/search?formname=detail\&id=oai%3Ancstrlh%3Aumass_cs%3Ancstrl.umassa_cs%2F%2FUM-CS-1987-018},
 publisher = {University of Massachusetts},
 address = {Amherst, MA, USA},
 }

@techreport{Buss:1987:VTB:897367,
 author = {Buss, Jonathan F. and Rosenberg, Arnold L. and Knott, Judson D.},
 title = {Vertex Types in Book-Embeddings},
 year = {1987},
 source = {http://www.ncstrl.org:8900/ncstrl/servlet/search?formname=detail\&id=oai%3Ancstrlh%3Aumass_cs%3Ancstrl.umassa_cs%2F%2FUM-CS-1987-018},
 publisher = {University of Massachusetts},
 address = {Amherst, MA, USA},
 }

% whole proceedings

@proceedings{Czerwinski:2008:1358628,
 author = {},
 note = {General Chair-Czerwinski, Mary and General Chair-Lund, Arnie and Program Chair-Tan, Desney},
 title = {CHI '08: CHI '08 extended abstracts on Human factors in computing systems},
 year = {2008},
 isbn = {978-1-60558-012-X},
 location = {Florence, Italy},
 order_no = {608085},
 publisher = {ACM},
 address = {New York, NY, USA},
 }

% phdthesis

@phdthesis{Clarkson:1985:ACP:911891,
 author = {Clarkson, Kenneth Lee},
 advisor = {Yao, Andrew C.},
 title = {Algorithms for Closest-Point Problems (Computational Geometry)},
 year = {1985},
 note = {AAT 8506171},
 school = {Stanford University},
 address = {Stanford, CA, USA},
 }
% school is being picked up -- but not publisher (which is OK)
% Also -- the title is NOT being output in italics !!! Arrrrgh! - I fixed it. :-)


%%% compare with 'old'
%%% atsign-Phdthesis{Clarkson85,
%%%  author =       "Kenneth L. Clarkson",
%%%  year =         "1985",
%%%  title =        "Algorithms for Closest-Point Problems (Computational Geometry)",
%%%  school =       "Stanford University",
%%%  address =      "Palo Alto, CA",
%%%  note =         "UMI Order Number: AAT 8506171",
%%%  type =         "",
%%%  month =        "",
%%%}

A bibliography
@Article{1984:1040142,
 key = {{$\!\!$}},
 journal = {SIGCOMM Comput. Commun. Rev.},
 year = {1984},
 issn = {0146-4833},
 volume = {13-14},
 number = {5-1},
 issue_date = {January/April 1984},
 publisher = {ACM},
 address = {New York, NY, USA},
 }


% grinder
@inproceedings{2004:ITE:1009386.1010128,
 key = {IEEE},
 title = {IEEE TCSC Executive Committee},
 booktitle = {Proceedings of the IEEE International Conference on Web Services},
 series = {ICWS '04},
 year = {2004},
 isbn = {0-7695-2167-3},
 pages = {21--22},
 url = {http://dx.doi.org/10.1109/ICWS.2004.64},
 doi = {http://dx.doi.org/10.1109/ICWS.2004.64},
 acmid = {1010128},
 publisher = {IEEE Computer Society},
 address = {Washington, DC, USA},
}

% div book
@book{Mullender:1993:DS(:302430,
 editor = {Mullender, Sape},
 title = {Distributed systems (2nd Ed.)},
 year = {1993},
 isbn = {0-201-62427-3},
 publisher = {ACM Press/Addison-Wesley Publishing Co.},
 address = {New York, NY, USA},
 }

% master thesis (as techreport and thesis)

@techreport{Petrie:1986:NAD:899644,
 author = {Petrie, Charles J.},
 title = {New Algorithms for Dependency-Directed Backtracking (Master's thesis)},
 year = {1986},
 source = {http://www.ncstrl.org:8900/ncstrl/servlet/search?formname=detail\&id=oai%3Ancstrlh%3Autexas_cs%3AUTEXAS_CS%2F%2FAI86-33},
 publisher = {University of Texas at Austin},
 address = {Austin, TX, USA},
 }

@MASTERSTHESIS{Petrie:1986:NAD:12345,
 author = {Petrie, Charles J.},
 title = {New Algorithms for Dependency-Directed Backtracking (Master's thesis)},
 year = {1986},
 source = {http://www.ncstrl.org:8900/ncstrl/servlet/search?formname=detail\&id=oai%3Ancstrlh%3Autexas_cs%3AUTEXAS_CS%2F%2FAI86-33},
 school = {University of Texas at Austin},
 address = {Austin, TX, USA},
 }




@BOOK{book-minimal,
   author = "Donald E. Knuth",
   title = "Seminumerical Algorithms",
   publisher = "Addison-Wesley",
   year = "1981",
}

% incollection (has an editor, title, and possibly a booktitle)
@INcollection{KA:2001,
 author = {Kong, Wei-Chang},
 Title = {The implementation of electronic commerce in SMEs in Singapore (as Incoll)},
 booktitle = {E-commerce and cultural values},
 year = {2001},
 isbn = {1-59140-056-2},
 pages = {51--74},
 numpages = {24},
 url = {http://portal.acm.org/citation.cfm?id=887006.887010},
 acmid = {887010},
 publisher = {IGI Publishing},
 address = {Hershey, PA, USA},
}


% with bibfield 'type' before chapter (note no editor)
@INBOOK{KAGM:2001,
 author = {Kong, Wei-Chang},
 type = {Name of Chapter:},
 chapter = {The implementation of electronic commerce in SMEs in Singapore (Inbook-w-chap-w-type)},
 title = {E-commerce and cultural values},
 year = {2001},
 isbn = {1-59140-056-2},
 pages = {51--74},
 numpages = {24},
 url = {http://portal.acm.org/citation.cfm?id=887006.887010},
 acmid = {887010},
 publisher = {IGI Publishing},
 address = {Hershey, PA, USA},
}

%%% Notes! This is because the atsign-INBOOK citation type specifies EITHER
%%% editor or author, but not both. In my experiments with the harvard/dcu
%%% bibtex style (and presumably this applies to other styles too), bibtex
%%% ignores the editor information if author information exists in an
%%% atsign-INBOOK entry. atsign-INCOLLECTION is far more commonly used in my references,
%%% and in the absence of an editor I believe most bibtex styles will just
%%% ommit the editor from the reference - the chapter information will not
%%% end up in the in-text citation as you suggest it should be but at least
%%% there is a place to put the editor if necessary.



% was 'Inbook' -- changed to incollection - (editor is different to author) - need to tell Asad to codify as such.
@incollection{Kong:2002:IEC:887006.887010,
  author =      {Kong, Wei-Chang},
  editor =      {Theerasak Thanasankit},
  title =       {Chapter 9},
  booktitle =   {E-commerce and cultural values (Incoll-w-text (chap 9) 'title')},
  year =        {2002},
  address =     {Hershey, PA, USA},
  publisher =   {IGI Publishing},
  url =         {http://portal.acm.org/citation.cfm?id=887006.887010},
  pages =       {51--74},
  numpages =    {24},
  acmid =       {887010},
  isbn =        {1-59140-056-2},
  number =      "",
  type =        "",
  month =       "",
  note =        "",
}

% incol when the chapter is 'text' - due to presence of editor (different to author)
@incollection{Kong:2003:IEC:887006.887011,
 author = {Kong, Wei-Chang},
 title = {The implementation of electronic commerce in SMEs in Singapore (Incoll)},
 booktitle = {E-commerce and cultural values},
 editor = {Thanasankit, Theerasak},
 year = {2003},
 isbn = {1-59140-056-2},
 pages = {51--74},
 numpages = {24},
 url = {http://portal.acm.org/citation.cfm?id=887006.887010},
 acmid = {887010},
 publisher = {IGI Publishing},
 address = {Hershey, PA, USA},
}

% ------ test
%incollection{Kong:2003:IEC:887006.887010,
% author = {Kong, Wei-Chang},
% chapter = {The implementation of electronic commerce in SMEs in Singapore (Incoll-text-in-chap)},
% booktitle = {booktitle E-commerce and cultural values},
% title =   {The title},
% editor = {Thanasankit, Theerasak},
% year = {2003},
% isbn = {1-59140-056-2},
% pages = {51--74},
% numpages = {24},
% url = {http://portal.acm.org/citation.cfm?id=887006.887010},
% acmid = {887010},
% publisher = {IGI Publishing},
% address = {Hershey, PA, USA},
%}


% ---------





% Need inbook with num in chapter

% and inbook with number in chapter
@InBook{Kong:2004:IEC:123456.887010,
  author =      {Kong, Wei-Chang},
  editor =      {Theerasak Thanasankit},
  title =       {E-commerce and cultural values - (InBook-num-in-chap)},
  chapter =     {9},
  year =        {2004},
  address =     {Hershey, PA, USA},
  publisher =   {IGI Publishing},
  url =         {http://portal.acm.org/citation.cfm?id=887006.887010},
  pages =       {51--74},
  numpages =    {24},
  acmid =       {887010},
  isbn =        {1-59140-056-2},
  number =      "",
  type =        "",
  month =       "",
  note =        "",
}


% and inbook with text in chapter
@Inbook{Kong:2005:IEC:887006.887010,
  author =      {Kong, Wei-Chang},
  editor =      {Theerasak Thanasankit},
  title =       {E-commerce and cultural values (Inbook-text-in-chap)},
  chapter =     {The implementation of electronic commerce in SMEs in Singapore},
  year =        {2005},
  address =     {Hershey, PA, USA},
  publisher =   {IGI Publishing},
  url =         {http://portal.acm.org/citation.cfm?id=887006.887010},
  type =        {Chapter:},
  pages =       {51--74},
  numpages =    {24},
  acmid =       {887010},
  isbn =        {1-59140-056-2},
  number =      "",
  month =       "",
  note =        "",
}


% and inbook with a num and type field
@Inbook{Kong:2006:IEC:887006.887010,
  author =      {Kong, Wei-Chang},
  editor =      {Theerasak Thanasankit},
  title =       {E-commerce and cultural values (Inbook-num chap)},
  chapter =     {22},
  year =        {2006},
  address =     {Hershey, PA, USA},
  publisher =   {IGI Publishing},
  url =         {http://portal.acm.org/citation.cfm?id=887006.887010},
  type =        {Chapter (in type field)},
  pages =       {51--74},
  numpages =    {24},
  acmid =       {887010},
  isbn =        {1-59140-056-2},
  number =      "",
  month =       "",
  note =        "",
}


% and incol coz we have a BLANK chapter - due to presence of editor
%atIncollection{Kong:2006:IEC:887006.887011,
%  author =     {Kong, Wei-Chang},
%  editor =     {Theerasak Thanasankit},
%  title =      "The title"
%  booktitle =  {E-commerce and cultural values (Incol-coz-blank-chap)},
%  year =       {2006},
%  address =    {Hershey, PA, USA},
%  publisher =  {IGI Publishing},
%  url =        {http://portal.acm.org/citation.cfm?id=887006.887010},
%  type =       {Type!},
%  chapter =    {},
%  pages =      {51--74},
%  numpages =   {24},
%  acmid =      {887010},
%  isbn =       {1-59140-056-2},
%  number =     "",
%  month =      "",
%  note =       "",
%}

@article{SaeediMEJ10,
            author = {Mehdi Saeedi and Morteza Saheb Zamani and Mehdi Sedighi},
            title = {A library-based synthesis methodology for reversible logic},
            journal = {Microelectron. J.},
            volume = {41},
            number = {4},
            month = apr,
            year = {2010},
            pages = {185--194},
}

@ARTICLE{SaeediJETC10,
            author = {Mehdi Saeedi and Morteza Saheb Zamani and Mehdi Sedighi and Zahra Sasanian},
            title = {Synthesis of Reversible Circuit Using Cycle-Based Approach},
            journal = {J. Emerg. Technol. Comput. Syst.},
            volume = {6},
            number = {4},
            month = dec,
            year = {2010}
            }

% Asad's new version
@article{Kirschmer:2010:AEI:1958016.1958018,
 author = {Kirschmer, Markus and Voight, John},
 title = {Algorithmic Enumeration of Ideal Classes for Quaternion Orders},
 journal = {SIAM J. Comput.},
 issue_date = {January 2010},
 volume = {39},
 number = {5},
 month = jan,
 year = {2010},
 issn = {0097-5397},
 pages = {1714--1747},
 numpages = {34},
 url = {http://dx.doi.org/10.1137/080734467},
 doi = {https://doi.org/10.1137/080734467},
 acmid = {1958018},
 publisher = {Society for Industrial and Applied Mathematics},
 address = {Philadelphia, PA, USA},
 keywords = {ideal classes, maximal orders, number theory, quaternion algebras},
}


% incol due to presence of booktitle
@incollection{Hoare:1972:CIN:1243380.1243382,
 author = {Hoare, C. A. R.},
 title = {Chapter II: Notes on data structuring},
 booktitle = {Structured programming (incoll)},
 editor = {Dahl, O. J. and Dijkstra, E. W. and Hoare, C. A. R.},
 year = {1972},
 isbn = {0-12-200550-3},
 pages = {83--174},
 numpages = {92},
 url = {http://portal.acm.org/citation.cfm?id=1243380.1243382},
 acmid = {1243382},
 publisher = {Academic Press Ltd.},
 address = {London, UK, UK},
}

% incol due to presence of booktitle
@incollection{Lee:1978:TQA:800025.1198348,
 author = {Lee, Jan},
 title = {Transcript of question and answer session},
 booktitle = {History of programming languages I (incoll)},
 editor = {Wexelblat, Richard L.},
 year = {1981},
 isbn = {0-12-745040-8},
 pages = {68--71},
 numpages = {4},
 url = {http://doi.acm.org/10.1145/800025.1198348},
 doi = {http://doi.acm.org/10.1145/800025.1198348},
 acmid = {1198348},
 publisher = {ACM},
 address = {New York, NY, USA},
}

% incol due to booktitle
@incollection{Dijkstra:1979:GSC:1241515.1241518,
 author = {Dijkstra, E.},
 title = {Go to statement considered harmful},
 booktitle = {Classics in software engineering (incoll)},
 year = {1979},
 isbn = {0-917072-14-6},
 pages = {27--33},
 numpages = {7},
 url = {http://portal.acm.org/citation.cfm?id=1241515.1241518},
 acmid = {1241518},
 publisher = {Yourdon Press},
 address = {Upper Saddle River, NJ, USA},
}

% incol due to booktitle
@incollection{Wenzel:1992:TVA:146022.146089,
 author = {Wenzel, Elizabeth M.},
 title = {Three-dimensional virtual acoustic displays},
 booktitle = {Multimedia interface design (incoll)},
 year = {1992},
 isbn = {0-201-54981-6},
 pages = {257--288},
 numpages = {32},
 url = {http://portal.acm.org/citation.cfm?id=146022.146089},
 doi = {10.1145/146022.146089},
 acmid = {146089},
 publisher = {ACM},
 address = {New York, NY, USA},
}

% incol due to booktitle
@incollection{Mumford:1987:MES:54905.54911,
 author = {Mumford, E.},
 title = {Managerial expert systems and organizational change: some critical research issues},
 booktitle = {Critical issues in information systems research (incoll)},
 year = {1987},
 isbn = {0-471-91281-6},
 pages = {135--155},
 numpages = {21},
 url = {http://portal.acm.org/citation.cfm?id=54905.54911},
 acmid = {54911},
 publisher = {John Wiley \& Sons, Inc.},
 address = {New York, NY, USA},
}

@book{McCracken:1990:SSC:575315,
 author = {McCracken, Daniel D. and Golden, Donald G.},
 title = {Simplified Structured COBOL with Microsoft/MicroFocus COBOL},
 year = {1990},
 isbn = {0471514071},
 publisher = {John Wiley \& Sons, Inc.},
 address = {New York, NY, USA},
}

% Let's include Boris / BBeeton entries  (multi-volume works)

@book {MR781537,
    AUTHOR = {H{\"o}rmander, Lars},
     TITLE = {The analysis of linear partial differential operators. {III}},
    SERIES = {Grundlehren der Mathematischen Wissenschaften [Fundamental
              Principles of Mathematical Sciences]},
    VOLUME = {275},
      NOTE = {Pseudodifferential operators},
PUBLISHER = {Springer-Verlag},
   ADDRESS = {Berlin, Germany},
      YEAR = {1985},
     PAGES = {viii+525},
      ISBN = {3-540-13828-5},
   MRCLASS = {35-02 (35Sxx 47G05 58G15)},
  MRNUMBER = {781536 (87d:35002a)},
MRREVIEWER = {Min You Qi},
}

@book {MR781536,
    AUTHOR = {H{\"o}rmander, Lars},
     TITLE = {The analysis of linear partial differential operators. {IV}},
    SERIES = {Grundlehren der Mathematischen Wissenschaften [Fundamental
              Principles of Mathematical Sciences]},
    VOLUME = {275},
      NOTE = {Fourier integral operators},
PUBLISHER = {Springer-Verlag},
   ADDRESS = {Berlin, Germany},
      YEAR = {1985},
     PAGES = {vii+352},
      ISBN = {3-540-13829-3},
   MRCLASS = {35-02 (35Sxx 47G05 58G15)},
  MRNUMBER = {781537 (87d:35002b)},
MRREVIEWER = {Min You Qi},
}

%%%%%%%%%%%%%%%%%%%%%% Start of Aptara sample bib entries

% acmsmall-sam.bib
@InProceedings{Adya-01,
  author        = {A. Adya and P. Bahl and J. Padhye and A.Wolman and L. Zhou},
  title         = {A multi-radio unification protocol for {IEEE} 802.11 wireless networks},
  booktitle     = {Proceedings of the IEEE 1st International Conference on Broadnets Networks (BroadNets'04)},
  publisher     = "IEEE",
  address       = "Los Alamitos, CA",
  year          = {2004},
  pages         = "210--217"
}

@article{Akyildiz-01,
  author        = {I. F. Akyildiz and W. Su and Y. Sankarasubramaniam and E. Cayirci},
  title         = {Wireless Sensor Networks: A Survey},
  journal       = {Comm. ACM},
  volume        = 38,
  number        = "4",
  year          = {2002},
  pages         = "393--422"
}

@article{Akyildiz-02,
  author        = {I. F. Akyildiz and T. Melodia and K. R. Chowdhury},
  title         = {A Survey on Wireless Multimedia Sensor Networks},
  journal       = {Computer Netw.},
  volume        = 51,
  number        = "4",
  year          = {2007},
  pages         = "921--960"
}

@InProceedings{Bahl-02,
  author        = {P. Bahl and R. Chancre and J. Dungeon},
  title         = {{SSCH}: Slotted Seeded Channel Hopping for Capacity Improvement in {IEEE} 802.11 Ad-Hoc Wireless Networks},
  booktitle     = {Proceeding of the 10th International Conference on Mobile Computing and Networking (MobiCom'04)},
  publisher     = "ACM",
  address       = "New York, NY",
  year          = {2004},
  pages         = "112--117"
}

@misc{CROSSBOW,
  key       = {CROSSBOW},
  title     = {{XBOW} Sensor Motes Specifications},
  note      = {http://www.xbow.com},
  year      = 2008
}

@article{Culler-01,
  author        = {D. Culler and D. Estrin and M. Srivastava},
  title         = {Overview of Sensor Networks},
  journal       = {IEEE Comput.},
  volume        = 37,
  number        = "8 (Special Issue on Sensor Networks)",
  publisher     = "IEEE",
  address       = "Los Alamitos, CA",
  year          = {2004},
  pages         = "41--49"
}

@misc{Harvard-01,
    key         = {Harvard CodeBlue},
    title       = {{CodeBlue}: Sensor Networks for Medical Care},
    note        = {http://www.eecs.harvard.edu/mdw/ proj/codeblue/},
    year        = 2008
}

@InProceedings{Natarajan-01,
    author      = {A. Natarajan and M. Motani and B. de Silva and K. Yap and K. C. Chua},
    title       = {Investigating Network Architectures for Body Sensor Networks},
    booktitle   = {Network Architectures},
    editor      = {G. Whitcomb and P. Neece},
    publisher   = "Keleuven Press",
    address     = "Dayton, OH",
    year        = {2007},
    pages       = "322--328",
    eprint      = "960935712",
    primaryclass = "cs",
}

@techreport{Tzamaloukas-01,
  author        = {A. Tzamaloukas and J. J. Garcia-Luna-Aceves},
  title         = {Channel-Hopping Multiple Access},
  number =        {I-CA2301},
  institution =   {Department of Computer Science, University of California},
  address =       {Berkeley, CA},
  year          = {2000}
}

@BOOK{Zhou-06,
  author        = {G. Zhou and J. Lu and C.-Y. Wan and M. D. Yarvis and J. A. Stankovic},
  title         = {Body Sensor Networks},
  publisher     = "MIT Press",
  address       = "Cambridge, MA",
  year          = {2008}
}

@mastersthesis{ko94,
author = "Jacob Kornerup",
title = "Mapping Powerlists onto Hypercubes",
school = "The University of Texas at Austin",
note = "(In preparation)",
year = "1994"}
%month = "dec",}

@PhdThesis{gerndt:89,
  author =       "Michael Gerndt",
  title =        "Automatic Parallelization for Distributed-Memory
                  Multiprocessing Systems",
  school =       "University of Bonn",
  year =         1989,
  address =      "Bonn, Germany",
  month =        dec
}

@article{6:1:1,
author = "J. E. {Archer, Jr.} and R. Conway and F. B. Schneider",
title = "User recovery and reversal in interactive systems",
journal = "ACM Trans. Program. Lang. Syst.",
volume =  "6",
number = "1",
month = jan,
year = 1984,
pages = "1--19"}

@article{7:1:137,
author = "D. D. Dunlop and V. R. Basili",
title = "Generalizing specifications for uniformly implemented loops",
journal = "ACM Trans. Program. Lang. Syst.",
volume =  "7",
number = "1",
month = jan,
year = 1985,
pages = "137--158"}

@article{7:2:183,
author = "J. Heering and P. Klint",
title = "Towards monolingual programming environments",
journal = "ACM Trans. Program. Lang. Syst.",
volume =  "7",
number = "2",
month = apr,
year = 1985,
pages = "183--213"}

@book{knuth:texbook,
author = "Donald E. Knuth",
title = "The {\TeX{}book}",
publisher = "Addison-Wesley",
address = "Reading, MA.",
year = 1984}

@article{6:3:380,
author = "E. Korach and D.  Rotem and N. Santoro",
title = "Distributed algorithms for finding centers and medians in networks",
journal = "ACM Trans. Program. Lang. Syst.",
volume =  "6",
number = "3",
month = jul,
year = 1984,
pages = "380--401"}

@book{lamport:latex,
author = "Leslie Lamport",
title = "\it {\LaTeX}: A Document Preparation System",
publisher = "Addison-Wesley",
address = "Reading, MA.",
year = 1986}

@article{7:3:359,
author = "F. Nielson",
title = "Program transformations in a denotational setting",
journal = "ACM Trans. Program. Lang. Syst.",
volume =  "7",
number = "3",
month = jul,
year = 1985,
pages = "359--379"}

%testing
@BOOK{test,
   author = "Donald E. Knuth",
   title = "Seminumerical Algorithms",
   volume = 2,
   series = "The Art of Computer Programming",
   publisher = "Addison-Wesley",
   address = "Reading, MA",
   edition = "2nd",
   month = "10~" # jan,
   year = "1981",
}

@inproceedings{reid:scribe,
author = "Brian K. Reid",
title = "A high-level approach to computer document formatting",
booktitle = "Proceedings of the 7th Annual Symposium on Principles of
  Programming Languages",
month = jan,
year = 1980,
publisher = "ACM",
address = "New York",
pages = "24--31"}

@article{Zhou:2010:MMS:1721695.1721705,
 author = {Zhou, Gang and Wu, Yafeng and Yan, Ting and He, Tian and Huang, Chengdu and Stankovic, John A. and Abdelzaher, Tarek F.},
 title = {A multifrequency MAC specially designed for wireless sensor network applications},
 journal = {ACM Trans. Embed. Comput. Syst.},
 issue_date = {March 2010},
 volume = 9,
 number = 4,
 month = {April},
 year = 2010,
 issn = {1539-9087},
 pages = {39:1--39:41},
 articleno = 39,
 numpages = 41,
 url = {http://doi.acm.org/10.1145/1721695.1721705},
 doi = {10.1145/1721695.1721705},
 acmid = 1721705,
 publisher = {ACM},
 address = {New York, NY, USA},
 keywords = {Wireless sensor networks, media access control, multi-channel, radio interference, time synchronization},
}


@online{TUGInstmem,
  key =          {TUG},
  year  =        2017,
  title =        "Institutional members of the {\TeX} Users Group",
  url =          "http://wwtug.org/instmem.html",
  lastaccessed = "May 27, 2017",
}

@online{CTANacmart,
  author =    {Boris Veytsman},
  title =  {acmart---{C}lass for typesetting publications of {ACM}},
  url =    {http://www.ctan.org/pkg/acmart},
  lastaccessed = {May 27, 2017}
  }

@ARTICLE{bowman:reasoning,
    author = {Bowman, Mic and Debray, Saumya K. and Peterson, Larry L.},
    title = {Reasoning About Naming Systems},
    journal = {ACM Trans. Program. Lang. Syst.},
    volume = {15},
    number = {5},
    pages = {795-825},
    month = {November},
    year = {1993},
    doi = {10.1145/161468.161471},
}

@ARTICLE{braams:babel,
    author = {Braams, Johannes},
    title = {Babel, a Multilingual Style-Option System for Use with LaTeX's Standard Document Styles},
    journal = {TUGboat},
    volume = {12},
    number = {2},
    pages = {291-301},
    month = {June},
    year = {1991},
}

@INPROCEEDINGS{clark:pct,
  AUTHOR = "Malcolm Clark",
  TITLE = "Post Congress Tristesse",
  BOOKTITLE = "TeX90 Conference Proceedings",
  PAGES = "84-89",
  ORGANIZATION = "TeX Users Group",
  MONTH = "March",
  YEAR = {1991}
}

@ARTICLE{herlihy:methodology,
    author = {Herlihy, Maurice},
    title = {A Methodology for Implementing Highly Concurrent Data Objects},
    journal = {ACM Trans. Program. Lang. Syst.},
    volume = {15},
    number = {5},
    pages = {745-770},
    month = {November},
    year = {1993},
    doi = {10.1145/161468.161469},
}

@BOOK{salas:calculus,
  AUTHOR = "S.L. Salas and Einar Hille",
  TITLE = "Calculus: One and Several Variable",
  PUBLISHER = "John Wiley and Sons",
  ADDRESS = "New York",
  YEAR = "1978"
}

@MANUAL{Fear05,
  title =        {Publication quality tables in {\LaTeX}},
  author =       {Simon Fear},
  month =        {April},
  year =         2005,
  note =         {\url{http://www.ctan.org/pkg/booktabs}}
}

@Manual{Amsthm15,
  title =        {Using the amsthm Package},
  organization = {American Mathematical Society},
  month =        {April},
  year =         2015,
  note =         {\url{http://www.ctan.org/pkg/amsthm}}
}

@ArtifactSoftware{R,
    title = {R: A Language and Environment for Statistical Computing},
    author = {{R Core Team}},
    organization = {R Foundation for Statistical Computing},
    address = {Vienna, Austria},
    year = {2019},
    url = {https://www.R-project.org/},
}

@ArtifactDataset{UMassCitations,
 author    =  {Sam Anzaroot and Andrew McCallum},
 title     =  {{UMass} Citation Field Extraction Dataset},
 year      = 2013,
 url       =
    {http://www.iesl.cs.umass.edu/data/data-umasscitationfield},
 lastaccessed = {May 27, 2019}
}

@inproceedings{ma2019graph,
  title={Graph convolutional networks with eigenpooling},
  author={Ma, Yao and Wang, Suhang and Aggarwal, Charu C and Tang, Jiliang},
  booktitle={Proceedings of the 25th ACM SIGKDD International Conference on Knowledge Discovery \& Data Mining},
  pages={723--731},
  year={2019}
}
@inproceedings{yanardag2015deep,
  title={Deep graph kernels},
  author={Yanardag, Pinar and Vishwanathan, SVN},
  booktitle={Proceedings of the 21th ACM SIGKDD International Conference on Knowledge Discovery and Data Mining},
  year={2015}
}

@inproceedings{duvenaud2015convolutional,
  title={Convolutional networks on graphs for learning molecular fingerprints},
  author={Duvenaud, David K and Maclaurin, Dougal and Iparraguirre, Jorge and Bombarell, Rafael and Hirzel, Timothy and Aspuru-Guzik, Al{\'a}n and Adams, Ryan P},
  booktitle={Advances in neural information processing systems},
  pages={2224--2232},
  year={2015}
}
@inproceedings{hamilton2017inductive,
  title={Inductive representation learning on large graphs},
  author={Hamilton, Will and Ying, Zhitao and Leskovec, Jure},
  booktitle={Advances in neural information processing systems},
  pages={1024--1034},
  year={2017}
}
@article{kipf2016semi,
  title={Semi-supervised classification with graph convolutional networks},
  author={Kipf, Thomas N and Welling, Max},
  journal={arXiv preprint arXiv:1609.02907},
  year={2016}
}
@article{velivckovic2017graph,
  title={Graph attention networks},
  author={Veli{\v{c}}kovi{\'c}, Petar and Cucurull, Guillem and Casanova, Arantxa and Romero, Adriana and Lio, Pietro and Bengio, Yoshua},
  journal={arXiv preprint arXiv:1710.10903},
  year={2017}
}
@article{schomburg2004brenda,
  title={BRENDA, the enzyme database: updates and major new developments},
  author={Schomburg, Ida and Chang, Antje and Ebeling, Christian and Gremse, Marion and Heldt, Christian and Huhn, Gregor and Schomburg, Dietmar},
  journal={Nucleic acids research},
  volume={32},
  number={suppl\_1},
  pages={D431--D433},
  year={2004},
  publisher={Oxford University Press}
}
@article{borgwardt2005protein,
  title={Protein function prediction via graph kernels},
  author={Borgwardt, Karsten M and Ong, Cheng Soon and Sch{\"o}nauer, Stefan and Vishwanathan, SVN and Smola, Alex J and Kriegel, Hans-Peter},
  journal={Bioinformatics},
  volume={21},
  number={suppl\_1},
  year={2005},
  publisher={Oxford University Press}
}
@article{dobson2003distinguishing,
  title={Distinguishing enzyme structures from non-enzymes without alignments},
  author={Dobson, Paul D and Doig, Andrew J},
  journal={Journal of molecular biology},
  volume={330},
  number={4},
  pages={771--783},
  year={2003},
  publisher={Elsevier}
}
@article{shervashidze2011weisfeiler,
  title={Weisfeiler-lehman graph kernels},
  author={Shervashidze, Nino and Schweitzer, Pascal and Leeuwen, Erik Jan van and Mehlhorn, Kurt and Borgwardt, Karsten M},
  journal={Journal of Machine Learning Research},
  volume={12},
  number={Sep},
  pages={2539--2561},
  year={2011}
}

@inproceedings{gilmer2017neural,
  title={Neural message passing for quantum chemistry},
  author={Gilmer, Justin and Schoenholz, Samuel S and Riley, Patrick F and Vinyals, Oriol and Dahl, George E},
  booktitle={Proceedings of the 34th International Conference on Machine Learning-Volume 70},
  pages={1263--1272},
  year={2017},
  organization={JMLR. org}
}
@inproceedings{dai2016discriminative,
  title={Discriminative embeddings of latent variable models for structured data},
  author={Dai, Hanjun and Dai, Bo and Song, Le},
  booktitle={International conference on machine learning},
  pages={2702--2711},
  year={2016}
}
@article{nassif2019speech,
  title={Speech recognition using deep neural networks: A systematic review},
  author={Nassif, Ali Bou and Shahin, Ismail and Attili, Imtinan and Azzeh, Mohammad and Shaalan, Khaled},
  journal={IEEE Access},
  volume={7},
  pages={19143--19165},
  year={2019},
  publisher={IEEE}
}
@inproceedings{he2016deep,
  title={Deep residual learning for image recognition},
  author={He, Kaiming and Zhang, Xiangyu and Ren, Shaoqing and Sun, Jian},
  booktitle={Proceedings of the IEEE conference on computer vision and pattern recognition},
  year={2016}
}
@article{devlin2018bert,
  title={Bert: Pre-training of deep bidirectional transformers for language understanding},
  author={Devlin, Jacob and Chang, Ming-Wei and Lee, Kenton and Toutanova, Kristina},
  journal={arXiv preprint arXiv:1810.04805},
  year={2018}
}
@inproceedings{schutt2017schnet,
  title={Schnet: A continuous-filter convolutional neural network for modeling quantum interactions},
  author={Sch{\"u}tt, Kristof and Kindermans, Pieter-Jan and Felix, Huziel Enoc Sauceda and Chmiela, Stefan and Tkatchenko, Alexandre and M{\"u}ller, Klaus-Robert},
  booktitle={Advances in neural information processing systems},
  pages={991--1001},
  year={2017}
}
@inproceedings{zhang2018anrl,
  title={ANRL: Attributed Network Representation Learning via Deep Neural Networks.},
  author={Zhang, Zhen and Yang, Hongxia and Bu, Jiajun and Zhou, Sheng and Yu, Pinggang and Zhang, Jianwei and Ester, Martin and Wang, Can},
  booktitle={IJCAI},
  volume={18},
  pages={3155--3161},
  year={2018}
}
@article{gao2019graph,
  title={Graph u-nets},
  author={Gao, Hongyang and Ji, Shuiwang},
  journal={arXiv preprint arXiv:1905.05178},
  year={2019}
}
@inproceedings{ying2018hierarchical,
  title={Hierarchical graph representation learning with differentiable pooling},
  author={Ying, Zhitao and You, Jiaxuan and Morris, Christopher and Ren, Xiang and Hamilton, Will and Leskovec, Jure},
  booktitle={Advances in neural information processing systems},
  pages={4800--4810},
  year={2018}
}

@inproceedings{finn2017model,
  title={Model-agnostic meta-learning for fast adaptation of deep networks},
  author={Finn, Chelsea and Abbeel, Pieter and Levine, Sergey},
  booktitle={Proceedings of the 34th International Conference on Machine Learning-Volume 70},
  pages={1126--1135},
  year={2017},
  organization={JMLR. org}
}
@inproceedings{vuorio2019multimodal,
  title={Multimodal Model-Agnostic Meta-Learning via Task-Aware Modulation},
  author={Vuorio, Risto and Sun, Shao-Hua and Hu, Hexiang and Lim, Joseph J},
  booktitle={Advances in Neural Information Processing Systems},
  pages={1--12},
  year={2019}
}
@InProceedings{BrunaZSL13,
  author    = {Joan Bruna and Wojciech Zaremba and Arthur Szlam and Yann LeCun},
  title     = {Spectral Networks and Locally Connected Networks on Graphs},
  booktitle = {2nd International Conference on Learning Representations, {ICLR} 2014, Banff, AB, Canada, April 14-16, 2014, Conference Track Proceedings},
  year      = {2014},
}
@InProceedings{defferrard2016convolutional,
  author    = {Defferrard, Micha{\"e}l and Bresson, Xavier and Vandergheynst, Pierre},
  title     = {Convolutional neural networks on graphs with fast localized spectral filtering},
  booktitle = {Advances in neural information processing systems},
  year      = {2016},
  pages     = {3844--3852},
}
@InProceedings{li2018adaptive,
  author    = {Li, Ruoyu and Wang, Sheng and Zhu, Feiyun and Huang, Junzhou},
  title     = {Adaptive graph convolutional neural networks},
  booktitle = {Thirty-second AAAI conference on artificial intelligence},
  year      = {2018},
}
@InProceedings{KipfW17,
  author    = {Thomas N. Kipf and Max Welling},
  title     = {Semi-Supervised Classification with Graph Convolutional Networks},
  booktitle = {5th International Conference on Learning Representations, {ICLR} 2017, Toulon, France, April 24-26, 2017, Conference Track Proceedings},
  year      = {2017},
}

@InProceedings{niepert2016learning,
  author    = {Niepert, Mathias and Ahmed, Mohamed and Kutzkov, Konstantin},
  title     = {Learning convolutional neural networks for graphs},
  booktitle = {International conference on machine learning},
  year      = {2016},
  pages     = {2014--2023},
}

@InProceedings{VelickovicCCRLB18,
  author    = {Petar Velickovic and Guillem Cucurull and Arantxa Casanova and Adriana Romero and Pietro Li{\`{o}} and Yoshua Bengio},
  title     = {Graph Attention Networks},
  booktitle = {6th International Conference on Learning Representations, {ICLR} 2018, Vancouver, BC, Canada, April 30 - May 3, 2018, Conference Track Proceedings},
  year      = {2018},
}
@InProceedings{gao2018large,
  author    = {Gao, Hongyang and Wang, Zhengyang and Ji, Shuiwang},
  title     = {Large-scale learnable graph convolutional networks},
  booktitle = {Proceedings of the 24th ACM SIGKDD International Conference on Knowledge Discovery \& Data Mining},
  year      = {2018},
  pages     = {1416--1424},
}
@article{wu2019comprehensive,
  title={A comprehensive survey on graph neural networks},
  author={Wu, Zonghan and Pan, Shirui and Chen, Fengwen and Long, Guodong and Zhang, Chengqi and Yu, Philip S},
  journal={arXiv preprint arXiv:1901.00596},
  year={2019}
}

@article{zhou2018graph,
  title={Graph neural networks: A review of methods and applications},
  author={Zhou, Jie and Cui, Ganqu and Zhang, Zhengyan and Yang, Cheng and Liu, Zhiyuan and Wang, Lifeng and Li, Changcheng and Sun, Maosong},
  journal={arXiv preprint arXiv:1812.08434},
  year={2018}
}

@inproceedings{song2019graph,
  title={Graph Convolutional Neural Networks For Alzheimer’s Disease Classification},
  author={Song, Tzu-An and Chowdhury, Samadrita Roy and Yang, Fan and Jacobs, Heidi and El Fakhri, Georges and Li, Quanzheng and Johnson, Keith and Dutta, Joyita},
  booktitle={2019 IEEE 16th International Symposium on Biomedical Imaging (ISBI 2019)},
  pages={414--417},
  year={2019},
  organization={IEEE}
}

@article{li2015gated,
  title={Gated graph sequence neural networks},
  author={Li, Yujia and Tarlow, Daniel and Brockschmidt, Marc and Zemel, Richard},
  journal={arXiv preprint arXiv:1511.05493},
  year={2015}
}

@inproceedings{zhang2018end,
  title={An end-to-end deep learning architecture for graph classification},
  author={Zhang, Muhan and Cui, Zhicheng and Neumann, Marion and Chen, Yixin},
  booktitle={Thirty-Second AAAI Conference on Artificial Intelligence},
  year={2018}
}

@inproceedings{tillman2009structure,
  title={Structure learning with independent non-identically distributed data},
  author={Tillman, Robert E},
  booktitle={Proceedings of the 26th Annual International Conference on Machine Learning},
  pages={1041--1048},
  year={2009}
}
@inproceedings{fey2018splinecnn,
  title={SplineCNN: Fast geometric deep learning with continuous B-spline kernels},
  author={Fey, Matthias and Eric Lenssen, Jan and Weichert, Frank and M{\"u}ller, Heinrich},
  booktitle={Proceedings of the IEEE Conference on Computer Vision and Pattern Recognition},
  pages={869--877},
  year={2018}
}
@inproceedings{simonovsky2017dynamic,
  title={Dynamic edge-conditioned filters in convolutional neural networks on graphs},
  author={Simonovsky, Martin and Komodakis, Nikos},
  booktitle={Proceedings of the IEEE conference on computer vision and pattern recognition},
  pages={3693--3702},
  year={2017}
}
@article{lee2019self,
  title={Self-attention graph pooling},
  author={Lee, Junhyun and Lee, Inyeop and Kang, Jaewoo},
  journal={arXiv preprint arXiv:1904.08082},
  year={2019}
}
@article{ranjan2019asap,
  title={ASAP: Adaptive Structure Aware Pooling for Learning Hierarchical Graph Representations},
  author={Ranjan, Ekagra and Sanyal, Soumya and Talukdar, Partha Pratim},
  journal={arXiv preprint arXiv:1911.07979},
  year={2019}
}

@Article{zhang2019hierarchical,
  author  = {Zhang, Zhen and Bu, Jiajun and Ester, Martin and Zhang, Jianfeng and Yao, Chengwei and Yu, Zhi and Wang, Can},
  title   = {Hierarchical Graph Pooling with Structure Learning},
  journal = {arXiv preprint arXiv:1911.05954},
  year    = {2019},
}
@article{wale2008comparison,
  title={Comparison of descriptor spaces for chemical compound retrieval and classification},
  author={Wale, Nikil and Watson, Ian A and Karypis, George},
  journal={Knowledge and Information Systems},
  volume={14},
  number={3},
  pages={347--375},
  year={2008},
  publisher={Springer}
}

@inproceedings{perez2018film,
  title={Film: Visual reasoning with a general conditioning layer},
  author={Perez, Ethan and Strub, Florian and De Vries, Harm and Dumoulin, Vincent and Courville, Aaron},
  booktitle={Thirty-Second AAAI Conference on Artificial Intelligence},
  year={2018}
}

@article{maaten2008visualizing,
  title={Visualizing data using t-SNE},
  author={Maaten, Laurens van der and Hinton, Geoffrey},
  journal={Journal of machine learning research},
  volume={9},
  pages={2579--2605},
  year={2008}
}

@article{kingma2014adam,
  title={Adam: A method for stochastic optimization},
  author={Kingma, Diederik P and Ba, Jimmy},
  journal={arXiv preprint arXiv:1412.6980},
  year={2014}
}

@inproceedings{nair2010rectified,
  title={Rectified linear units improve restricted boltzmann machines},
  author={Nair, Vinod and Hinton, Geoffrey E},
  booktitle={Proceedings of the 27th international conference on machine learning (ICML-10)},
  pages={807--814},
  year={2010}
}
@article{zhou2019multi,
  title={Multi-channel graph neural networks},
  author={Zhou, Kaixiong and Song, Qingquan and Huang, Xiao and Zha, Daochen and Zou, Na and Hu, Xia},
  journal={arXiv preprint arXiv:1912.08306},
  year={2019}
}
@inproceedings{
Yuan2020StructPool:,
title={StructPool: Structured Graph Pooling via Conditional Random Fields},
author={Hao Yuan and Shuiwang Ji},
booktitle={International Conference on Learning Representations},
year={2020}
}
@article{rawat2017deep,
  title={Deep convolutional neural networks for image classification: A comprehensive review},
  author={Rawat, Waseem and Wang, Zenghui},
  journal={Neural computation},
  volume={29},
  number={9},
  pages={2352--2449},
  year={2017},
  publisher={MIT Press}
}
@article{hornik1991approximation,
  title={Approximation capabilities of multilayer feedforward networks},
  author={Hornik, Kurt},
  journal={Neural networks},
  volume={4},
  number={2},
  pages={251--257},
  year={1991},
  publisher={Elsevier}
}
@article{kowsari2019text,
  title={Text classification algorithms: A survey},
  author={Kowsari, Kamran and Jafari Meimandi, Kiana and Heidarysafa, Mojtaba and Mendu, Sanjana and Barnes, Laura and Brown, Donald},
  journal={Information},
  volume={10},
  number={4},
  pages={150},
  year={2019},
  publisher={Multidisciplinary Digital Publishing Institute}
}
@article{errica2019fair,
  title={A fair comparison of graph neural networks for graph classification},
  author={Errica, Federico and Podda, Marco and Bacciu, Davide and Micheli, Alessio},
  journal={arXiv preprint arXiv:1912.09893},
  year={2019}
}

@article{gao2021topology,
  title={Topology-aware graph pooling networks},
  author={Gao, Hongyang and Liu, Yi and Ji, Shuiwang},
  journal={IEEE Transactions on Pattern Analysis and Machine Intelligence},
  year={2021},
  publisher={IEEE}
}
@inproceedings{li2020graph,
  title={Graph Pooling with Representativeness},
  author={Li, Juanhui and Ma, Yao and Wang, Yiqi and Aggarwal, Charu and Wang, Chang-Dong and Tang, Jiliang},
  booktitle={2020 IEEE International Conference on Data Mining (ICDM)},
  pages={302--311},
  year={2020},
  organization={IEEE}
}

@inproceedings{
    vashishth2020compositionbased,
    title={Composition-based Multi-Relational Graph Convolutional Networks},
    author={Shikhar Vashishth and Soumya Sanyal and Vikram Nitin and Partha Talukdar},
    booktitle={International Conference on Learning Representations},
    year={2020}

}
@inproceedings{rong2020self,
  title={Self-Supervised Graph Transformer on Large-Scale Molecular Data},
  author={Rong, Yu and Bian, Yatao and Xu, Tingyang and Xie, Weiyang and Wei, Ying and Huang, Wenbing and Huang, Junzhou},
  booktitle={NeurIPS},
  year={2020}
}