@inproceedings{DBLP:conf/nips/SculleyHGDPECYC15,
  author    = {D. Sculley and
               Gary Holt and
               Daniel Golovin and
               Eugene Davydov and
               Todd Phillips and
               Dietmar Ebner and
               Vinay Chaudhary and
               Michael Young and
               Jean{-}Fran{\c{c}}ois Crespo and
               Dan Dennison},
  title     = {Hidden Technical Debt in Machine Learning Systems},
  booktitle = {NeurIPS},
  pages     = {2503--2511},
  year      = {2015}
}

@article{DBLP:journals/debu/StonebrakerR19,
  author    = {Michael Stonebraker and
               El Kindi Rezig},
  title     = {Machine Learning and {B}ig Data: What is Important?},
  journal   = {{IEEE} Data Eng. Bull.},
  volume    = {42},
  number    = {4},
  pages     = {3--7},
  year      = {2019},
  url       = {http://sites.computer.org/debull/A19dec/p3.pdf},
  timestamp = {Tue, 21 Jul 2020 00:40:32 +0200},
  biburl    = {https://dblp.org/rec/journals/debu/StonebrakerR19.bib},
  bibsource = {dblp computer science bibliography, https://dblp.org}
}

@article{DBLP:journals/debu/Ullman20,
  author    = {Jeffrey D. Ullman},
  title     = {The Battle for Data Science},
  journal   = {{IEEE} Data Eng. Bull.},
  volume    = {43},
  number    = {2},
  pages     = {8--14},
  year      = {2020},
  url       = {http://sites.computer.org/debull/A20june/p8.pdf},
  timestamp = {Tue, 21 Jul 2020 00:40:32 +0200},
  biburl    = {https://dblp.org/rec/journals/debu/Ullman20.bib},
  bibsource = {dblp computer science bibliography, https://dblp.org}
}

@misc{data-centric-ai,
  title = {Data-centric {AI}},
  howpublished = {\url{https://datacentricai.org/}},
  note = {Accessed June 5th, 2022}}
}

@article{DBLP:journals/sigmod/PolyzotisRWZ18,
  author    = {Neoklis Polyzotis and
               Sudip Roy and
               Steven Euijong Whang and
               Martin Zinkevich},
  title     = {Data Lifecycle Challenges in Production Machine Learning: {A} Survey},
  journal   = {{SIGMOD} Rec.},
  volume    = {47},
  number    = {2},
  pages     = {17--28},
  year      = {2018},
  url       = {https://doi.org/10.1145/3299887.3299891},
  doi       = {10.1145/3299887.3299891},
  timestamp = {Fri, 06 Mar 2020 21:55:44 +0100},
  biburl    = {https://dblp.org/rec/journals/sigmod/PolyzotisRWZ18.bib},
  bibsource = {dblp computer science bibliography, https://dblp.org}
}

@article{DBLP:journals/pvldb/ChenKNP17,
  author    = {Lingjiao Chen and
               Arun Kumar and
               Jeffrey F. Naughton and
               Jignesh M. Patel},
  title     = {Towards Linear Algebra over Normalized Data},
  journal   = {Proc. {VLDB} Endow.},
  volume    = {10},
  number    = {11},
  pages     = {1214--1225},
  year      = {2017},
  url       = {http://www.vldb.org/pvldb/vol10/p1214-chen.pdf},
  doi       = {10.14778/3137628.3137633},
  timestamp = {Sat, 25 Apr 2020 13:59:39 +0200},
  biburl    = {https://dblp.org/rec/journals/pvldb/ChenKNP17.bib},
  bibsource = {dblp computer science bibliography, https://dblp.org}
}

@inproceedings{DBLP:conf/icde/LiRBZCZ21,
  author    = {Peng Li and
               Xi Rao and
               Jennifer Blase and
               Yue Zhang and
               Xu Chu and
               Ce Zhang},
  title     = {Clean{ML}: {A} Study for Evaluating the Impact of Data Cleaning on {ML}
               Classification Tasks},
  booktitle = {ICDE},
  pages     = {13--24},
  publisher = {{IEEE}},
  year      = {2021},
  url       = {https://doi.org/10.1109/ICDE51399.2021.00009},
  doi       = {10.1109/ICDE51399.2021.00009},
  timestamp = {Fri, 25 Jun 2021 11:31:22 +0200},
  biburl    = {https://dblp.org/rec/conf/icde/LiRBZCZ21.bib},
  bibsource = {dblp computer science bibliography, https://dblp.org}
}

@inproceedings{DBLP:conf/kdd/BaylorBCFFHHIJK17,
  author    = {Denis Baylor and
               Eric Breck and
               Heng{-}Tze Cheng and
               Noah Fiedel and
               Chuan Yu Foo and
               Zakaria Haque and
               Salem Haykal and
               Mustafa Ispir and
               Vihan Jain and
               Levent Koc and
               Chiu Yuen Koo and
               Lukasz Lew and
               Clemens Mewald and
               Akshay Naresh Modi and
               Neoklis Polyzotis and
               Sukriti Ramesh and
               Sudip Roy and
               Steven Euijong Whang and
               Martin Wicke and
               Jarek Wilkiewicz and
               Xin Zhang and
               Martin Zinkevich},
  title     = {{TFX:} {A} TensorFlow-Based Production-Scale Machine Learning Platform},
  booktitle = {KDD},
  pages     = {1387--1395},
  publisher = {{ACM}},
  year      = {2017},
  url       = {https://doi.org/10.1145/3097983.3098021},
  doi       = {10.1145/3097983.3098021},
  timestamp = {Fri, 25 Dec 2020 01:14:16 +0100},
  biburl    = {https://dblp.org/rec/conf/kdd/BaylorBCFFHHIJK17.bib},
  bibsource = {dblp computer science bibliography, https://dblp.org}
}

@article{DBLP:journals/cacm/MolinoR22,
  author    = {Piero Molino and
               Christopher R{\'{e}}},
  title     = {Declarative machine learning systems},
  journal   = {Commun. {ACM}},
  volume    = {65},
  number    = {1},
  pages     = {42--49},
  year      = {2022},
  url       = {https://doi.org/10.1145/3475167},
  doi       = {10.1145/3475167},
  timestamp = {Tue, 21 Dec 2021 17:15:51 +0100},
  biburl    = {https://dblp.org/rec/journals/cacm/MolinoR22.bib},
  bibsource = {dblp computer science bibliography, https://dblp.org}
}

@article{DBLP:journals/vldb/RatnerBEFWR20,
  author    = {Alexander Ratner and
               Stephen H. Bach and
               Henry R. Ehrenberg and
               Jason A. Fries and
               Sen Wu and
               Christopher R{\'{e}}},
  title     = {Snorkel: rapid training data creation with weak supervision},
  journal   = {{VLDB} J.},
  volume    = {29},
  number    = {2-3},
  pages     = {709--730},
  year      = {2020},
  url       = {https://doi.org/10.1007/s00778-019-00552-1},
  doi       = {10.1007/s00778-019-00552-1},
  timestamp = {Thu, 14 Oct 2021 09:08:46 +0200},
  biburl    = {https://dblp.org/rec/journals/vldb/RatnerBEFWR20.bib},
  bibsource = {dblp computer science bibliography, https://dblp.org}
}

@article{DBLP:journals/tkde/RohHW21,
  author    = {Yuji Roh and
               Geon Heo and
               Steven Euijong Whang},
  title     = {A Survey on Data Collection for Machine Learning: {A} {B}ig Data - {AI}
               Integration Perspective},
  journal   = {{IEEE} Trans. Knowl. Data Eng.},
  volume    = {33},
  number    = {4},
  pages     = {1328--1347},
  year      = {2021},
  url       = {https://doi.org/10.1109/TKDE.2019.2946162},
  doi       = {10.1109/TKDE.2019.2946162},
  timestamp = {Sun, 16 May 2021 00:12:21 +0200},
  biburl    = {https://dblp.org/rec/journals/tkde/RohHW21.bib},
  bibsource = {dblp computer science bibliography, https://dblp.org}
}

@misc{trustworthy-ai,
  title = {Trustworthy {AI}},
  howpublished = {\url{https://www.ibm.com/watson/trustworthy-ai}},
  note = {Accessed June 5th, 2022}}
}

@misc{compas,
  title = {How We Analyzed the COMPAS Recidivism Algorithm},
  howpublished = {\url{https://www.propublica.org/article/how-we-analyzed-the-compas-recidivism-algorithm}},
  note = {Accessed June 5th, 2022}}
}

  series    = {Proceedings of Machine Learning Research},
  volume    = {97},
@inproceedings{DBLP:conf/icml/SongK019,
  author    = {Hwanjun Song and
               Minseok Kim and
               Jae{-}Gil Lee},
  title     = {{SELFIE:} Refurbishing Unclean Samples for Robust Deep Learning},
  booktitle = {ICML},
  pages     = {5907--5915},
  publisher = {{PMLR}},
  year      = {2019},
  url       = {http://proceedings.mlr.press/v97/song19b.html},
  timestamp = {Tue, 11 Jun 2019 15:37:38 +0200},
  biburl    = {https://dblp.org/rec/conf/icml/SongK019.bib},
  bibsource = {dblp computer science bibliography, https://dblp.org}
}

@misc{leeluda,
  title = {A {S}outh {K}orean Chatbot Shows Just How Sloppy Tech Companies Can Be With User Data},
  howpublished = {\url{https://slate.com/technology/2021/04/scatterlab-lee-luda-chatbot-kakaotalk-ai-privacy.html}},
  note = {Accessed June 5th, 2022}}
}

@article{DBLP:journals/debu/KraskaM0PPRS21,
  author    = {Tim Kraska and
               Umar Farooq Minhas and
               Thomas Neumann and
               Olga Papaemmanouil and
               Jignesh M. Patel and
               Christopher R{\'{e}} and
               Michael Stonebraker},
  title     = {{ML}-In-Databases: Assessment and Prognosis},
  journal   = {{IEEE} Data Eng. Bull.},
  volume    = {44},
  number    = {1},
  pages     = {3--10},
  year      = {2021},
  url       = {http://sites.computer.org/debull/A21mar/p3.pdf},
  timestamp = {Fri, 04 Mar 2022 15:57:43 +0100},
  biburl    = {https://dblp.org/rec/journals/debu/KraskaM0PPRS21.bib},
  bibsource = {dblp computer science bibliography, https://dblp.org}
}

@inproceedings{DBLP:conf/sigmod/DingMYWDLZCGKLK20,
  author    = {Jialin Ding and
               Umar Farooq Minhas and
               Jia Yu and
               Chi Wang and
               Jaeyoung Do and
               Yinan Li and
               Hantian Zhang and
               Badrish Chandramouli and
               Johannes Gehrke and
               Donald Kossmann and
               David B. Lomet and
               Tim Kraska},
  title     = {{ALEX:} An Updatable Adaptive Learned Index},
  booktitle = {SIGMOD},
  pages     = {969--984},
  publisher = {{ACM}},
  year      = {2020},
  url       = {https://doi.org/10.1145/3318464.3389711},
  doi       = {10.1145/3318464.3389711},
  timestamp = {Wed, 04 May 2022 13:02:28 +0200},
  biburl    = {https://dblp.org/rec/conf/sigmod/DingMYWDLZCGKLK20.bib},
  bibsource = {dblp computer science bibliography, https://dblp.org}
}

@book{Wirth1976,
  author = {Wirth, Niklaus},
  isbn = {978-0-13-022418-7},
  keywords = {programming},
  publisher = {Prentice-Hall},
  title = {Algorithms + Data Structures = Programs},
  year = 1976
}



@misc{samsung2019,
  author    = {Samsung},
  title = {{5G} Launches in {K}orea},
  howpublished = {\url{https://images.samsung.com/is/content/samsung/p5/global/business/networks/insights/white-paper/5g-launches-in-korea-get-a-taste-of-the-future/5G-Launches-in-Korea-Get-a-taste-of-the-future.pdf}},
  note = {2019}
}

@misc{samsung2018,
  author    = {Samsung},
  title = {Who \& {H}ow: making {5G} {NR} Standards},
  howpublished = {\url{https://images.samsung.com/is/content/samsung/p5/global/business/networks/insights/white-paper/who-and-how_making-5g-nr-standards/who-and-how_making-5g-nr-standards.pdf}},
  note = {2018}}
}

@article{DBLP:journals/cacm/RivestSA83,
  author    = {Ronald L. Rivest and
               Adi Shamir and
               Leonard M. Adleman},
  title     = {A Method for Obtaining Digital Signatures and Public-Key Cryptosystems
               (Reprint)},
  journal   = {Commun. {ACM}},
  volume    = {26},
  number    = {1},
  pages     = {96--99},
  year      = {1983},
  url       = {https://doi.org/10.1145/357980.358017},
  doi       = {10.1145/357980.358017},
  timestamp = {Tue, 06 Nov 2018 12:51:41 +0100},
  biburl    = {https://dblp.org/rec/journals/cacm/RivestSA83.bib},
  bibsource = {dblp computer science bibliography, https://dblp.org}
}

@article{Koblitz1987,
  author = {Koblitz, Neal},
  fjournal = {Mathematics of Computation},
  issn = {0025-5718},
  journal = {Mathematics of Computation},
  month = jan,
  number = 177,
  pages = {203--209},
  title = {Elliptic Curve Cryptosystems},
  treatment = {T Theoretical or Mathematical},
  volume = 48,
  year = 1987
}

@inproceedings{DBLP:conf/crypto/Miller85,
  author    = {Victor S. Miller},
  title     = {Use of Elliptic Curves in Cryptography},
  booktitle = {Advances in Cryptology - {CRYPTO} '85, Santa Barbara, California,
               USA, August 18-22, 1985, Proceedings},
  series    = {Lecture Notes in Computer Science},
  volume    = {218},
  pages     = {417--426},
  publisher = {Springer},
  year      = {1985},
  url       = {https://doi.org/10.1007/3-540-39799-X\_31},
  doi       = {10.1007/3-540-39799-X\_31},
  timestamp = {Tue, 14 May 2019 10:00:48 +0200},
  biburl    = {https://dblp.org/rec/conf/crypto/Miller85.bib},
  bibsource = {dblp computer science bibliography, https://dblp.org}
}


@misc{yonhapnews,
  title = {DDoS attacks that paralyzed the eastern US using the Internet of Things},
  howpublished = {\url{https://www.yna.co.kr/view/AKR20161023006900091}},
  note = {Accessed June 5th, 2022}}
}

  note = {March 2022}}
@misc{rcrwireless,
  author = {Juan Pedro Tomas},
  title = {South Korea ends {F}ebruary with almost 203,000 5G base stations: Report},
  year = 2022,
  month = mar,
  howpublished = {\url{https://rcrwireless.com/20220331/5g/south-korea-ends-february-almost-203000-5g-base-stations-report}},
}

@article{hwang2016,
  author    = {황원식},
  title     = {사물인터넷이 가져올 미래의 산업변화 전망},
  journal   = {산업연구원 report},
  year      = {2016}
}

@misc{presidential2019,
  author = {The ({K}orean) Presidential Committee on the 4th Industrial Revolution},
  title = {Recommendations to the {G}overnment for the Fourth Industrial Revolution},
  howpublished = {\url{https://www.4th-ir.go.kr/cdn/recommendation(eng).pdf}},
  note = {2019}}
}

@book{10.5555/3312394,
author = {Schwab, Klaus and Davis, Nicholas},
title = {Shaping the Future of the Fourth Industrial Revolution},
year = {2018},
isbn = {1984822616},
publisher = {Current Medicine}
}


@misc{curriculum,
  title = {Coding in the Classroom: Computational Thinking Will Allow Children to 'Change the World'},
  howpublished = {\url{https://www.ibtimes.co.uk/coding-classroom-computational-thinking-will-allow-children-change-world-1463493}},
  note = {Accessed June 5th, 2022}}
}

@article{DBLP:journals/cacm/Wing06,
  author    = {Jeannette M. Wing},
  title     = {Computational thinking},
  journal   = {Commun. {ACM}},
  volume    = {49},
  number    = {3},
  pages     = {33--35},
  year      = {2006},
  url       = {http://doi.acm.org/10.1145/1118178.1118215},
  doi       = {10.1145/1118178.1118215},
  timestamp = {Wed, 14 Nov 2018 10:22:34 +0100},
  biburl    = {https://dblp.org/rec/journals/cacm/Wing06.bib},
  bibsource = {dblp computer science bibliography, https://dblp.org}
}

@article{10.1145/1929887.1929905,
author = {Barr, Valerie and Stephenson, Chris},
title = {Bringing Computational Thinking to {K}-12: What is Involved and What is the Role of the Computer Science Education Community?},
year = {2011},
issue_date = {March 2011},
publisher = {Association for Computing Machinery},
address = {New York, NY, USA},
volume = {2},
number = {1},
issn = {2153-2184},
url = {https://doi.org/10.1145/1929887.1929905},
doi = {10.1145/1929887.1929905},
abstract = {The process of increasing student exposure to computational thinking in K-12 is complex, requiring systemic change, teacher engagement, and development of signifi cant resources. Collaboration with the computer science education community is vital to this effort.},
journal = {ACM Inroads},
month = feb,
pages = {48--54},
numpages = {7},
keywords = {cross-disciplinary computing, K-12 curriculum, K-12 CS Education, computational thinking}
}

@inproceedings{Berry14,
  author    = {Miles Berry},
  title     = {This is for everyone {K}12 Computer Science in {E}ngland},
  booktitle = {The 21st KAST International Symposium (KAST 20th Anniversary International Symposium), Plaza Hotel, Seoul},
  year      = {2014}
}

@book{DBLP:books/sp/RH2017,
  editor    = {Peter J. Rich and
               Charles B. Hodges},
  title     = {Emerging Research, Practice, and Policy on Computational Thinking},
  publisher = {Springer},
  year      = {2017},
  url       = {https://doi.org/10.1007/978-3-319-52691-1},
  doi       = {10.1007/978-3-319-52691-1},
  isbn      = {978-3-319-52690-4},
  timestamp = {Sat, 04 May 2019 16:20:00 +0200},
  biburl    = {https://dblp.org/rec/books/sp/RH2017.bib},
  bibsource = {dblp computer science bibliography, https://dblp.org}
}

@article{DBLP:journals/cacm/DenningTY17,
  author    = {Peter J. Denning and
               Matti Tedre and
               Pat Yongpradit},
  title     = {Misconceptions about computer science},
  journal   = {Commun. {ACM}},
  volume    = {60},
  number    = {3},
  pages     = {31--33},
  year      = {2017},
  url       = {https://doi.org/10.1145/3041047},
  doi       = {10.1145/3041047},
  timestamp = {Tue, 06 Nov 2018 12:51:41 +0100},
  biburl    = {https://dblp.org/rec/journals/cacm/DenningTY17.bib},
  bibsource = {dblp computer science bibliography, https://dblp.org}
}

@misc{BBC2022,
  title = {Introduction to computational thinking},
  howpublished = {\url{https://www.bbc.co.uk/bitesize/guides/zp92mp3/revision/1}},
  note = {Accessed June 5th, 2022}}
}

@misc{wiki-computational-thinking,
  title = {Computational Thinking},
  howpublished = {\url{https://en.wikipedia.org/wiki/Computational_thinking}},
  note = {Accessed June 10th, 2022}}
}

@incollection{DBLP:books/sp/17/DelckerI17,
  author    = {Jan Delcker and
               Dirk Ifenthaler},
  editor    = {Peter J. Rich and
               Charles B. Hodges},
  title     = {Computational Thinking as an Interdisciplinary Approach to Computer
               Science School Curricula: {A} {G}erman Perspective},
  booktitle = {Emerging Research, Practice, and Policy on Computational Thinking},
  pages     = {49--62},
  publisher = {Springer},
  year      = {2017},
  url       = {https://doi.org/10.1007/978-3-319-52691-1\_4},
  doi       = {10.1007/978-3-319-52691-1\_4},
  timestamp = {Sat, 19 Oct 2019 19:02:57 +0200},
  biburl    = {https://dblp.org/rec/books/sp/17/DelckerI17.bib},
  bibsource = {dblp computer science bibliography, https://dblp.org}
}

@misc{iste2016,
  title = {Computational Thinking},
  howpublished = {\url{http://www.iste.org/standards/standards/for-students-2016}},
  note = {Accessed June 10th, 2022}}
}

@article{DBLP:journals/pvldb/MarcusNMZAKPT19,
  author    = {Ryan C. Marcus and
               Parimarjan Negi and
               Hongzi Mao and
               Chi Zhang and
               Mohammad Alizadeh and
               Tim Kraska and
               Olga Papaemmanouil and
               Nesime Tatbul},
  title     = {Neo: {A} Learned Query Optimizer},
  journal   = {Proc. {VLDB} Endow.},
  volume    = {12},
  number    = {11},
  pages     = {1705--1718},
  year      = {2019},
  url       = {http://www.vldb.org/pvldb/vol12/p1705-marcus.pdf},
  doi       = {10.14778/3342263.3342644},
  timestamp = {Sat, 25 Apr 2020 13:59:39 +0200},
  biburl    = {https://dblp.org/rec/journals/pvldb/MarcusNMZAKPT19.bib},
  bibsource = {dblp computer science bibliography, https://dblp.org}
}

@TECHREPORT{samsungwhitepaper,
  author    = {Samsung},
  TITLE =         {6{G} The Next Hyper-Connected Experience for All},
  INSTITUTION =   {Samsung Research},
  type = {White Paper},
  YEAR  =         {2020}
}

@article{DBLP:journals/pvldb/LiZLG19,
  author    = {Guoliang Li and
               Xuanhe Zhou and
               Shifu Li and
               Bo Gao},
  title     = {QTune: {A} Query-Aware Database Tuning System with Deep Reinforcement
               Learning},
  journal   = {Proc. {VLDB} Endow.},
  volume    = {12},
  number    = {12},
  pages     = {2118--2130},
  year      = {2019},
  url       = {http://www.vldb.org/pvldb/vol12/p2118-li.pdf},
  doi       = {10.14778/3352063.3352129},
  timestamp = {Sat, 25 Apr 2020 13:59:30 +0200},
  biburl    = {https://dblp.org/rec/journals/pvldb/LiZLG19.bib},
  bibsource = {dblp computer science bibliography, https://dblp.org}
}

@inproceedings{DBLP:conf/icde/ChaudhuriFB99,
  author    = {Surajit Chaudhuri and
               Usama M. Fayyad and
               Jeff Bernhardt},
  title     = {Scalable Classification over {SQL} Databases},
  booktitle = {ICDE},
  pages     = {470--479},
  publisher = {{IEEE}},
  year      = {1999},
  url       = {https://doi.org/10.1109/ICDE.1999.754963},
  doi       = {10.1109/ICDE.1999.754963},
  timestamp = {Wed, 16 Oct 2019 14:14:56 +0200},
  biburl    = {https://dblp.org/rec/conf/icde/ChaudhuriFB99.bib},
  bibsource = {dblp computer science bibliography, https://dblp.org}
}

@inproceedings{DBLP:conf/cidr/BoehmADGIKLPR20,
  author    = {Matthias Boehm and
               Iulian Antonov and
               Sebastian Baunsgaard and
               Mark Dokter and
               Robert Ginth{\"{o}}r and
               Kevin Innerebner and
               Florijan Klezin and
               Stefanie N. Lindstaedt and
               Arnab Phani and
               Benjamin Rath and
               Berthold Reinwald and
               Shafaq Siddiqui and
               Sebastian Benjamin Wrede},
  title     = {SystemDS: {A} Declarative Machine Learning System for the End-to-End
               Data Science Lifecycle},
  booktitle = {CIDR},
  year      = {2020},
  url       = {http://cidrdb.org/cidr2020/papers/p22-boehm-cidr20.pdf},
  timestamp = {Tue, 23 Mar 2021 15:36:26 +0100},
  biburl    = {https://dblp.org/rec/conf/cidr/BoehmADGIKLPR20.bib},
  bibsource = {dblp computer science bibliography, https://dblp.org}
}

@misc{iot,
  title = {Internet of Things},
  howpublished = {\url{https://www.oracle.com/internet-of-things/what-is-iot/}},
  note = {Accessed June 10th, 2022}}
}

    @misc{ioe,
      title = {Internet of Everything},
      howpublished = {\url{https://www.techtarget.com/iotagenda/definition/Internet-of-Everything-IoE}},
      note = {Accessed June 10th, 2022}}
    }

@misc{ddos2016,
  title = {DDoS attack that disrupted internet was largest of its kind in history, experts say},
  howpublished = {\url{https://www.theguardian.com/technology/2016/oct/26/ddos-attack-dyn-mirai-botnet}},
  note = {Accessed June 10th, 2022}}
}

@misc{cisco,
  author = {Cisco},
  title = {Cisco Edge-to-Enterprise IoT Analytics for Electric Utilities Solution Overview},
  howpublished = {\url{https://www.cisco.com/c/en/us/solutions/collateral/data-center-virtualization/big-data/solution-overview-c22-740248.html}},
  note = {Accessed June 12th, 2022}}
  
  @misc{6g,
  title = {6{G} (network)},
  howpublished = {\url{https://en.wikipedia.org/wiki/6G_(network)}},
  note = {Accessed June 12th, 2022}}
}

@article{AlphaFold,
  author    = {John Jumper and others},
  title     = {Highly accurate protein structure prediction with {AlphaFold}},
  journal   = {Nature},
  volume    = {596},
  pages     = {583--589},
  year      = {2021},
  doi       = {10.1038/s41586-021-03819-2}
}

@article{DeepTFactor,
  author    = {Gi Bae Kim and Ye Gao and  Bernhard O. Palsson and Sang Yup Lee},
  title     = {{DeepTFactor}: A deep learning-based tool for the prediction of transcription factors},
  journal   = {Proceedings of the National Academy of Sciences of the United States of America (PNAS)},
  volume    = {118},
  number    = {2},
  pages     = {e2021171118},
  year      = {2021},
  doi       = {10.1073/pnas.2021171118}
}

@article{Jisna2021,
  author    = {Jisna, V.A. and Jayaraj, P.B.},
  title     = {Protein Structure Prediction: Conventional and Deep Learning Perspectives},
  journal   = {Protein Journal},
  volume    = {40},
  pages     = {522--544},
  year      = {2021},
  doi       = {10.1007/s10930-021-10003-y}
}

@article{Webb2018,
  author    = {Sarah Webb},
  title     = {Deep learning for biology},
  journal   = {Nature},
  volume    = {554},
  pages     = {555--557},
  year      = {2018},
  doi       = {10.1038/d41586-018-02174-z}
}

@inproceedings{Ashwin2008,
  author    = {Ashwin Machanavajjhala and
               Daniel Kifer and
               John M. Abowd and
               Johannes Gehrke and
               Lars Vilhuber},
  title     = {Privacy: Theory meets Practice on the Map},
  booktitle = {ICDE},
  pages     = {277--286},
  publisher = {IEEE},
  year      = {2008},
  url       = {https://doi.org/10.1109/ICDE.2008.4497436},
  doi       = {10.1109/ICDE.2008.4497436}
}

@misc{Google2015,
  title = {Tackling Urban Mobility with Technology},
  howpublished = {\url{https://europe.googleblog.com/2015/11/tackling-urban-mobility-with-technology.html}},
  note = {Accessed June 15th, 2022}}
}

@misc{Apple2016,
  title = {Apple Previews {iOS} 10, the Biggest {iOS} Release Ever},
  howpublished = {\url{https://www.apple.com/newsroom/2016/06/apple-previews-ios-10-biggest-ios-release-ever/}},
  note = {Accessed June 15th, 2022}}
}


@inproceedings{Bolin2017,
  author    = {Bolin Ding and
               Janardhan Kulkarni and
               Sergey Yekhanin},
  title     = {Collecting Telemetry Data Privately},
  booktitle = {NeurIPS},
  pages     = {3571--3580},
  year      = {2017},
  url       = {https://proceedings.neurips.cc/paper/2017/hash/253614bbac999b38b5b60cae531c4969-Abstract.html}
}


@inbook{Darshan2020,
author = {Tank, Darshan and Aggarwal, Akshai and Chaubey, Nirbhay},
year = {2020},
month = jan,
pages = {283--299},
title = {Cyber Security Aspects of Virtualization in Cloud Computing Environments: Analyzing Virtualization-Specific Cyber Security Risks},
isbn = {9781799822554},
doi = {10.4018/978-1-7998-2253-0.ch013}
}

@misc{blockchain,
  title = {Blockchain in {W}ikipedia},
  howpublished = {\url{https://en.wikipedia.org/wiki/Blockchain}},
  note = {Accessed June 15th, 2022}}
}

@misc{SecurityARVR,
  title = {The Security Risks of {AR} and {VR}},
  howpublished = {\url{ https://defpr.com/the-security-risks-of-ar-and-vr/}},
  note = {Accessed June 15th, 2022}}
}

@article{Guzman2019,
  author    = {Jaybie A. de Guzman and
               Kanchana Thilakarathna and
               Aruna Seneviratne},
  title     = {Security and Privacy Approaches in Mixed Reality: {A} Literature Survey},
  journal   = {{ACM} Comput. Surv.},
  volume    = {52},
  number    = {6},
  pages     = {110:1--110:37},
  year      = {2020},
  url       = {https://doi.org/10.1145/3359626},
  doi       = {10.1145/3359626}
}
%journal   = {ACM Computing Surveys},


@misc{AIMLThreat,
  title = {Top 5 Security Threats Facing Artificial Intelligence and Machine Learning},
  howpublished = {\url{https://hubsecurity.com/blog/cyber-security/security-threats-for-ai-and-machine-learning/}},
  note = {Accessed June 15th, 2022}}
}

@article{Gary2019,
  author    = {Gary McGraw and
               Richie Bonett and
               Harold Figueroa and
               Victor Shepardson},
  title     = {Security Engineering for Machine Learning},
  journal   = {Computer},
  volume    = {52},
  number    = {8},
  pages     = {54--57},
  year      = {2019},
  url       = {https://doi.org/10.1109/MC.2019.2909955},
  doi       = {10.1109/MC.2019.2909955}
}

@misc{forbes2021,
  title = {Why {5G} Networks Are Disrupting The Cybersecurity Industry},
  howpublished = {\url{https://www.forbes.com/sites/forbestechcouncil/2021/10/29/why-5g-networks-are-disrupting-the-cybersecurity-industry/?sh=4b997d5a1fe9}},
  note = {Accessed June 15th, 2022}}
}

  booktitle={Proceedings of 2013 3rd International Conference on Computer Science and Network Technology}, 
@INPROCEEDINGS{Xiao2013,
  author={Nie, Xiao and Zhai, Xiaobing},
  booktitle={ICCSNT},
  title={{M2M} security threat and security mechanism research}, 
  year={2013},
  volume={},
  number={},
  pages={906--909},
  doi={10.1109/ICCSNT.2013.6967252}}


@article{Cynthia2014,
  author    = {Cynthia Dwork and
               Aaron Roth},
  title     = {The Algorithmic Foundations of Differential Privacy},
  journal   = {Found. Trends Theor. Comput. Sci.},
  volume    = {9},
  number    = {3-4},
  pages     = {211--407},
  year      = {2014},
  url       = {https://doi.org/10.1561/0400000042},
  doi       = {10.1561/0400000042}
}
%journal   = {Foundations and Trends in Theoretical Computer Science},



@article{Sweeney2013,
  author    = {Latanya Sweeney},
  title     = {k-Anonymity: A Model for Protecting Privacy},
  journal   = {Int. J. Uncertain. Fuzziness Knowl. Based Syst.},
  volume    = {10},
  number    = {5},
  pages     = {557--570},
  year      = {2002},
  url       = {https://doi.org/10.1142/S0218488502001648},
  doi       = {10.1142/S0218488502001648}
}
%journal   = {International Journal of Uncertainty, Fuzziness and Knowledge-Based Systems},


@inproceedings{Machanavajjhala2006,
  author    = {Ashwin Machanavajjhala and
               Johannes Gehrke and
               Daniel Kifer and
               Muthuramakrishnan Venkitasubramaniam},
  title     = {l-Diversity: privacy beyond k-Anonymity},
  booktitle = {ICDE},
  pages     = {24--35},
  publisher = {IEEE},
  year      = {2006},
  url       = {https://doi.org/10.1109/ICDE.2006.1},
  doi       = {10.1109/ICDE.2006.1}
}


@article{Nicolas2002,
  title = {Quantum cryptography},
  author = {Gisin, Nicolas and Ribordy, Gr\'egoire and Tittel, Wolfgang and Zbinden, Hugo},
  journal = {Rev. Mod. Phys.},
  volume = {74},
  issue = {1},
  pages = {145--195},
  numpages = {0},
  year = {2002},
  month = mar,
  publisher = {American Physical Society},
  doi = {10.1103/RevModPhys.74.145},
  url = {https://link.aps.org/doi/10.1103/RevModPhys.74.145}
}
%journal = {Reviews of Modern Physics},

@misc{cloudSecurity,
  title = {What is cloud security?},
  howpublished = {\url{https://www.ibm.com/topics/cloud-security}},
  note = {Accessed July 25th, 2022}}
}

@article{Henriksen-Bulmer2016,
  author    = {Jane Henriksen{-}Bulmer and
               Sheridan Jeary},
  title     = {Re-identification attacks--{A} systematic literature review},
  journal   = {Int. J. Inf. Manag.},
  volume    = {36},
  number    = {6},
  pages     = {1184--1192},
  year      = {2016},
  url       = {https://doi.org/10.1016/j.ijinfomgt.2016.08.002},
  doi       = {10.1016/j.ijinfomgt.2016.08.002},
}
%journal = {International Journal of Information Management},


@book{Rifkin2011,
  author = {Rifkin, Jeremy},
  isbn = {978-0230341975},
  publisher = {Palgrave MacMillan},
  title = {The Third Industrial Revolution},
  year = 2011
}

@book{Schwab2016,
  author = {Schwab, Klaus},
  isbn = {978-1524758868},
  publisher = {Portfolio Penguin},
  title = {The Fourth Industrial Revolution},
  year = 2016
}

@misc{Schwab2016b,
  title = {Schwab {K}laus. {T}he Fourth Industrial Revolution: what it means, how to respond},
  howpublished = {\url{https://www.weforum.org/agenda/2016/01/the-fourth-industrial-revolution-what-it-means-and-how-to-respond/}},
  note = {World Economic Forum, June 2016.}}
}


@article{lasi2014industry,
  title={Industry 4.0},
  author={Lasi, Heiner and Fettke, Peter and Kemper, Hans-Georg and Feld, Thomas and Hoffmann, Michael},
  journal={Business \& information systems engineering},
  volume={6},
  number={4},
  pages={239--242},
  year={2014},
  publisher={Springer}
}

@misc{Reuters2022,
  title = {The Long Road to Electric Cars},
  howpublished = {\url{https://graphics.reuters.com/AUTOS-ELECTRIC/USA/mopanyqxwva/}},
  note = {Accessed August 1st, 2022}}
}


@incollection{bernstein2009introduction,
  title={Introduction to post-quantum cryptography},
  author={Bernstein, Daniel J},
  booktitle={Post-quantum cryptography},
  pages={1--14},
  year={2009},
  publisher={Springer}
}

@misc{Hyundai2022,
  title = {Hyundai Motor Company's mid-to-long term electrification strategy disclosed (in {K}orean)},
  howpublished = {\url{https://www.hyundai.co.kr/news/CONT0000000000012239}},
  note = {Accessed August 1st, 2022}}
}

@article{Sarker2020,
  author    = {Iqbal H. Sarker and
               A. S. M. Kayes and
               Shahriar Badsha and
               Hamed AlQahtani and
               Paul A. Watters and
               Alex Ng},
  title     = {Cybersecurity data science: an overview from machine learning perspective},
  journal   = {J. Big Data},
  volume    = {7},
  number    = {1},
  pages     = {1--29},
  year      = {2020},
  url       = {https://doi.org/10.1186/s40537-020-00318-5},
  doi       = {10.1186/s40537-020-00318-5}
}
%journal   = {Journal of Big Data},

@article{Gu2017,
  author    = {Tianyu Gu and
               Brendan Dolan{-}Gavitt and
               Siddharth Garg},
  title     = {BadNets: Identifying Vulnerabilities in the Machine Learning Model
               Supply Chain},
  journal   = {CoRR},
  volume    = {abs/1708.06733},
  year      = {2017},
  url       = {http://arxiv.org/abs/1708.06733},
  eprinttype = {arXiv},
  eprint    = {1708.06733}
}

@article{Moore2020,
  author    = {Samuel J. Moore and
               Chris D. Nugent and
               Shuai Zhang and
               Ian Cleland},
  title     = {Io{T} reliability: a review leading to 5 key research directions},
  journal   = {{CCF} Trans. Pervasive Comput. Interact.},
  volume    = {2},
  number    = {3},
  pages     = {147--163},
  year      = {2020},
  url       = {https://doi.org/10.1007/s42486-020-00037-z},
  doi       = {10.1007/s42486-020-00037-z}
}

@article{Karie2021,
  author    = {Nickson M. Karie and
               Nor Masri Sahri and
               Wencheng Yang and
               Craig Valli and
               Victor R. Kebande},
  title     = {A Review of Security Standards and Frameworks for {I}o{T}-Based Smart Environments},
  journal   = {{IEEE} Access},
  volume    = {9},
  pages     = {121975--121995},
  year      = {2021},
  url       = {https://doi.org/10.1109/ACCESS.2021.3109886},
  doi       = {10.1109/ACCESS.2021.3109886}
}