%%% Long versions of book and journal titles
%% sync the opposite file whenever you add something!

% AAAI
@STRING{AAAI10 = {Proceedings of the 24th AAAI Conference on Artificial Intelligence (AAAI), Atlanta, GA}}


% Academic Radiology
@STRING{AcadRadiol = {Academic Radiology}}
% ACM Computing Surveys
@STRING{CSUR = {ACM Computing Surveys}}

% ACM GIS
@STRING{ACMGIS10 = {Proceedings of the 18th ACM SIGSPATIAL International Conference on Advances in Geographic Information Systems (ACM GIS), San Jose, CA}}
@STRING{ACMGIS09 = {Proceedings of the 17th ACM SIGSPATIAL International Conference on Advances in Geographic Information Systems (ACM GIS), Seattle, WA}}
@STRING{ACMGIS08 = {Proceedings of the 16th ACM SIGSPATIAL International Conference on Advances in Geographic Information Systems (ACM GIS), Irvine, CA}}
@STRING{ACMGIS07 = {Proceedings of the 15th ACM International Symposium on Advances in Geographic Information Systems (ACM GIS), Seattle, WA}}
@STRING{ACMGIS06 = {Proceedings of the 14th ACM International Symposium on Advances in Geographic Information Systems (ACM GIS), Arlington, VA}}
@STRING{ACMGIS05 = {Proceedings of the 13th ACM International Symposium on Advances in Geographic Information Systems (ACM GIS), Bremen, Germany}}
@STRING{ACMGIS04 = {Proceedings of the 12th ACM International Workshop on Geographic Information Systems (ACM GIS), Washington, DC}}
@STRING{ACMGIS03 = {Proceedings of the 11th ACM International Symposium on Advances in Geographic Information Systems (ACM GIS), New Orleans, LA}}
@STRING{ACMGIS02 = {Proceedings of the 10th ACM International Symposium on Advances in Geographic Information Systems (ACM GIS), McLean, VA}}
@STRING{ACMGIS01 = {Proceedings of the 9th ACM International Symposium on Advances in Geographic Information Systems (ACM GIS), Atlanta, GA}}
@STRING{ACMGIS00 = {Proceedings of the 8th ACM International Symposium on Advances in Geographic Information Systems (ACM GIS), Washington, DC}}
@STRING{ACMGIS99 = {Proceedings of the 7th ACM International Symposium on Advances in Geographic Information Systems (ACM GIS), Kansas City, KS}}
@STRING{ACMGIS98 = {Proceedings of the 6th ACM International Symposium on Advances in Geographic Information Systems (ACM GIS), Washington DC}}
@STRING{ACMGIS97 = {Proceedings of the 5th ACM International Symposium on Advances in Geographic Information Systems (ACM GIS), Las Vegas, NV}}
@STRING{ACMGIS96 = {Proceedings of the 4th ACM International Symposium on Advances in Geographic Information Systems (ACM GIS), Rockville, MD}}
@STRING{ACMGIS95 = {Proceedings of the 3rd ACM International Symposium on Advances in Geographic Information Systems (ACM GIS), Baltimore, MD}}
@STRING{ACMGIS94 = {Proceedings of the 2nd ACM International Symposium on Advances in Geographic Information Systems (ACM GIS), Gaithersburg, MD}}
@STRING{ACMGIS93 = {Proceedings of the 1st ACM International Symposium on Advances in Geographic Information Systems (ACM GIS), Arlington, AV}}

% ACM MM
@STRING{ACMMM05 = {Proceedings of the 13th ACM International Conference on Multimedia (ACM MM), Singapore}}
@STRING{ACMMM03 = {Proceedings of the 11th ACM International Conference on Multimedia (ACM MM), Berkeley, CA}}

% ACM SAC
@STRING{ACMSAC07 = {Proceedings of the 22nd ACM Symposium on Applied Computing (ACM SAC), Seoul, Korea}}
@STRING{ACMSAC06 = {Proceedings of the 21st ACM Symposium on Applied Computing (ACM SAC), Dijon, France}}
@STRING{ACMSAC05 = {Proceedings of the 20th ACM Symposium on Applied Computing (ACM SAC), Santa Fe, NM}}
@STRING{ACMSAC04 = {Proceedings of the 19th ACM Symposium on Applied Computing (ACM SAC), Nicosia, Cyprus}}
@STRING{ACMSAC03 = {Proceedings of the 18th ACM Symposium on Applied Computing (ACM SAC), Melbourne, FL}}
@STRING{ACMSAC02 = {Proceedings of the 17th ACM Symposium on Applied Computing (ACM SAC), Madrid, Spain}}
@STRING{ACMSAC01 = {Proceedings of the 16th ACM Symposium on Applied Computing (ACM SAC), Las Vegas, NV}}
@STRING{ACMSAC00 = {Proceedings of the 15th ACM Symposium on Applied Computing (ACM SAC), Villa Olmo, Italy}}
@STRING{ACMSAC99 = {Proceedings of the 14th ACM Symposium on Applied Computing (ACM SAC), San Antonio, TX}}
@STRING{ACMSAC98 = {Proceedings of the 13th ACM Symposium on Applied Computing (ACM SAC), Atlanta, GA}}
@STRING{ACMSAC97 = {Proceedings of the 12th ACM Symposium on Applied Computing (ACM SAC), San Jose, CA}}
@STRING{ACMSAC96 = {Proceedings of the 11th ACM Symposium on Applied Computing (ACM SAC), Philadelphia, PA}}
@STRING{ACMSAC95 = {Proceedings of the 10th ACM Symposium on Applied Computing (ACM SAC), Nashville, TN}}
@STRING{ACMSAC94 = {Proceedings of the 9th ACM Symposium on Applied Computing (ACM SAC), Phoenix, AZ}}
@STRING{ACMSAC93 = {Proceedings of the 8th ACM Symposium on Applied Computing (ACM SAC), Indianapolis, IN}}

% Acta Informatica
@STRING{ACTAINF = {Acta Informatica}}

% ADC
@STRING{ADC98 = {Proceedings of th 9th Australasian Database Conference (ADC), Perth, Australia}}

% ADL
@STRING{ADL00 = {Proceedings of the IEEE Advances in Digital Libraries (ADL), Washington, DC}}

% AFP
@STRING{AFP05 = {Proceedings of the Automated Function Prediction (AFP) at the International Conference on Intelligent Systems for Molecular Biology (ISMB), Detroit, MI}}

% The Americal Statistician
@STRING{AmericanStatistician = {The American Statistician}}

% Annals of Mathematical Statistics
@STRING{AnnalsMathStat = {The Annals of Mathematical Statistics}}

% Annals of Probability
@STRING{AnnalsProb = {The Annals of Probability}}

% Annals of Statistics
@STRING{AnnalsStatistics = {The Annals of Statistics}}

% Annual Review of Psychology
@STRING{AnnRevPsy = {The Annual Review of Psychology}}

% APBC
@STRING{APBC06 = {Proceedings of the 4th Annual Asia Pacific Bioinformatics Conference (APBC), Taipei, Taiwan}}
@STRING{APBC08 = {Proceedings of the 6th Annual Asia Pacific Bioinformatics Conference (APBC), Kyoto, Japan}}

% ArtifIntellRev (Artificial Intelligence Review)
@STRING{ArtifIntellRev = {Artificial Intelligence Review}}

% ASIST Journal of the American Society for Information Science and Technology
@STRING{ASIST = {Journal of the American Society for Information Science and Technology}}

% Journal of Internet Services and Applications
@STRING{JISA={Journal of Internet Services and Applications}}

% The Astronomical Journal
@STRING{AstronomicalJournal = {The Astronomical Journal}}

% ATRB
@STRING{ATRB03 = {Proceedings of the 82nd Annual Transportation Research Board, Washington DC. (USA), January 12-16}}

% Automatica
@STRING{Automatica = {Automatica}}

% Bioinformatics
@STRING{Bioinformatics = {Bioinformatics}}

% Biomedical Informatics
@STRING{BioMedInf = {Biomedical Informatics}}

% Biometrika
@STRING{Biometrika = {Biometrika}}

% Biometrics
@STRING{Biometrics = {Biometrics}}

% Blackwell Synergy publisher
@STRING{BlackwellSynergy = {Blackwell Synergy}}

% BMBF
@STRING{BMBF95 = {Proceedings of the German Ministry of Science and Technology on Molekular Bioinformatics and Evolutionary Algorithms, Braunschweig, Germany}}

% BMC Bioinformatics
@STRING{BMCBioinformatics = {BMC Bioinformatics}}

% BMT �sterreichische Gesellschaft für Biomedizinische Technik / Austrian Society for Biomedical Engineering
@String{BMT10 = {Austrian Society for Biomedical Engineering (BMT), Rostock, Germany}}

% BTW (Name hat sich w�hrend der Jahre ge�ndert)
@STRING{BTW07 = {Proceedings of the 12th GI-Fachtagung für Datenbanksysteme in Business, Technologie und Web (BTW), Aachen, Germany}}
@STRING{BTW05 = {Proceedings of the 11th GI-Fachtagung für Datenbanksysteme in Business, Technologie und Web (BTW), Karlsruhe, Germany}}
@STRING{BTW03 = {Proceedings of the 10th GI-Fachtagung für Datenbanksysteme in Business, Technologie und Web (BTW), Leipzig, Germany}}
@STRING{BTW01 = {Proceedings of the 9th GI-Fachtagung für Datenbanksysteme in Büro, Technik und Wissenschaft (BTW), Oldenburg, Germany}}
@STRING{BTW99 = {Proceedings of the 8th GI-Fachtagung für Datenbanksysteme in Büro, Technik und Wissenschaft (BTW), Freiburg, Germany}}
@STRING{BTW97 = {Proceedings of the 7th GI-Fachtagung für Datenbanksysteme in Büro, Technik und Wissenschaft (BTW), Ulm, Germany}}
@STRING{BTW95 = {Proceedings of the 6th GI-Fachtagung für Datenbanksysteme in Büro, Technik und Wissenschaft (BTW), Dresden, Germany}}
@STRING{BTW93 = {Proceedings of the 5th GI-Fachtagung für Datenbanksysteme in Büro, Technik und Wissenschaft (BTW), Braunschweig, Germany}}
@STRING{BTW91 = {Proceedings of the 4th GI-Fachtagung für Datenbanksysteme in Büro, Technik und Wissenschaft (BTW), Kaiserslautern, Germany}}
@STRING{BTW89 = {Proceedings of the 3rd GI-Fachtagung für Datenbanksysteme in Büro, Technik und Wissenschaft (BTW), Zürich, Swizerland}}
@STRING{BTW87 = {Proceedings of the 2nd GI-Fachtagung für Datenbanksysteme in Büro, Technik und Wissenschaft (BTW), Darmstadt, Germany}}
@STRING{BTW85 = {Proceedings of the 1st GI-Fachtagung für Datenbanksysteme in Büro, Technik und Wissenschaft (BTW), Karlsruhe, Germany}}

% conference of the Centre for Advanced Studies on Collaborative research
@STRING{CASCON97={Proceedings of the conference of the Centre for Advanced Studies on Collaborative research (CASCON), Toronto, Canada}}

% CEC Congress on Evolutionary Computation
@STRING{CEC02 = {Proceedings of the 2002 Congress on Evolutionary Computation (CEC), Honolulu, HI}}

% ChemBioInfoJ
@String{ChemBioInfoJ = {Chem-Bio Informatics Journal}}

% CIBCB
@STRING{CIBCB04 = {Proceedings of the 2004 IEEE Symposium on Computational Intelligence in Bioinformatics and Computational Biology (CIBCB), La Jolla, CA}}

% CIDM
@STRING{CIDM07 = {Proceedings of the IEEE Symposium on Computational Intelligence and Data Mining (CIDM), Honolulu, HI}}

% CIKM
@STRING{CIKM19 = {Proceedings of the 28th ACM Conference on Information and Knowledge Management (CIKM), Beijing, China }}
@STRING{CIKM18 = {Proceedings of the 27th ACM Conference on Information and Knowledge Management (CIKM), Torino, Italy }}
@STRING{CIKM17 = {Proceedings of the 26th ACM Conference on Information and Knowledge Management (CIKM), Singapore}}
@STRING{CIKM16 = {Proceedings of the 25th ACM Conference on Information and Knowledge Management (CIKM), Indianapolis, IN }}
@STRING{CIKM15 = {Proceedings of the 24th ACM Conference on Information and Knowledge Management (CIKM), Melbourne, Australia }}
@STRING{CIKM14 = {Proceedings of the 23rd ACM Conference on Information and Knowledge Management (CIKM), Shanghai, China }}
@STRING{CIKM13 = {Proceedings of the 22nd ACM Conference on Information and Knowledge Management (CIKM), Burlingame, CA }}
@STRING{CIKM12 = {Proceedings of the 21st ACM Conference on Information and Knowledge Management (CIKM), Maui, Hawaii }}
@STRING{CIKM11 = {Proceedings of the 20th ACM Conference on Information and Knowledge Management (CIKM), Glasgow, Scotland}}
@STRING{CIKM10 = {Proceedings of the 19th ACM Conference on Information and Knowledge Management (CIKM), Toronto, Canada}}
@STRING{CIKM09 = {Proceedings of the 18th ACM Conference on Information and Knowledge Management (CIKM), Hong Kong, China}}
@STRING{CIKM08 = {Proceedings of the 17th ACM Conference on Information and Knowledge Management (CIKM), Napa Valley, CA}}
@STRING{CIKM07 = {Proceedings of the 16th ACM Conference on Information and Knowledge Management (CIKM), Lisboa, Portugal}}
@STRING{CIKM06 = {Proceedings of the 15th ACM Conference on Information and Knowledge Management (CIKM), Arlington, VA}}
@STRING{CIKM05 = {Proceedings of the 14th ACM Conference on Information and Knowledge Management (CIKM), Bremen, Germany}}
@STRING{CIKM04 = {Proceedings of the 13th ACM Conference on Information and Knowledge Management (CIKM), Washington, DC}}
@STRING{CIKM03 = {Proceedings of the 12th ACM Conference on Information and Knowledge Management (CIKM), New Orleans, LA}}
@STRING{CIKM02 = {Proceedings of the 11th ACM Conference on Information and Knowledge Management (CIKM), McLean, VA}}
@STRING{CIKM01 = {Proceedings of the 10th ACM Conference on Information and Knowledge Management (CIKM), Atlanta, GA}}
@STRING{CIKM00 = {Proceedings of the 9th ACM Conference on Information and Knowledge Management (CIKM), Washington, DC}}
@STRING{CIKM99 = {Proceedings of the 8th ACM Conference on Information and Knowledge Management (CIKM), Kansas City, MO}}
@STRING{CIKM98 = {Proceedings of the 7th ACM Conference on Information and Knowledge Management (CIKM), Bethesda, MD}}
@STRING{CIKM97 = {Proceedings of the 6th ACM Conference on Information and Knowledge Management (CIKM), Las Vegas, NV}}
@STRING{CIKM96 = {Proceedings of the 5th ACM Conference on Information and Knowledge Management (CIKM), Rockville, MD}}
@STRING{CIKM95 = {Proceedings of the 4th ACM Conference on Information and Knowledge Management (CIKM), Baltimore, MD}}
@STRING{CIKM94 = {Proceedings of the 3rd ACM Conference on Information and Knowledge Management (CIKM), Gaithersburg, MD}}
@STRING{CIKM93 = {Proceedings of the 2nd ACM Conference on Information and Knowledge Management (CIKM), Washington, DC}}
@STRING{CIKM92 = {Proceedings of the 1st ACM Conference on Information and Knowledge Management (CIKM), Baltimore, MD}}

% CIVR
@STRING{CIVR04 = {Proceedings of the 3rd International Conference on Image and Video Retrieval (CIVR), Dublin, Ireland}}
@STRING{CIVR09 = {Proceedings of the 8th ACM International Conference on Image and Video Retrieval (CIVR), Santorini, Greece}}

% COLT
@STRING{COLT92 = {Proceedings of the 5th Annual Workshop on Computational Learning Theory (COLT), New York, NY}}
@STRING{COLT98 = {Proceedings of the 11th Annual Conference on Computational Learning Theory (COLT), Madison, WI}}

% Communications of the ACM
@STRING{CommunicationsACM = {Communications of the ACM}}

% Communications in Statistics - Simulation and Computation
@STRING{CommunStatistSimula = {Communications in Statistics - Simulation and Computation}}

% Communications on Pure and Applied Mathematics
@STRING{ComPAM = {Communications on Pure and Applied Mathematics}}

% Communications in Statistics-Theory and Methods
@STRING{ComSTM = {Communications in Statistics-Theory and Methods}}

% Computational Statistics and Data Analysis
@STRING{CSDA = {Computational Statistics and Data Analysis}}

% Computer Networks
@STRING{ComNet = {Computer Networks}}

% Computer and Graphics
@STRING{ComputerAndGraphics = {Computer and Graphics}}

% Computer Graphics and Applications
@STRING{ComputerGraphicsAndApplications = {Computer Graphics and Applications}}

% Computer Vision, Graphics, and Image Processing
@STRING{ComputerVisionGraphicsAndImageProcessing = {Computer Vision, Graphics, and Image Processing}}

% Concurrency and Computation
@STRING{ConcurrencyAndComputation = {Concurrency and Computation: Practice and Experience}}

% CoopIS
@STRING{COOPIS94 = {Proceedings of the 2nd International Conference on Cooperative Information Systems (CoopIS), Toronto, Canada}}

%CSB
@STRING{CSB03 = {Proceedings of the 2nd IEEE Computer Society Bioinformatics Conference (CSB), Stanford, CA}}

% CSDA - Computational Statistics and Data Analysis
@STRING{CSDA = {Computational Statistics and Data Analysis}}

% CSRD - Computer Science -- Research and Development
@STRING{CSRD = {Computer Science -- Research and Development}}

%CVPR
@STRING{CVPR01 = {Proceedings of the 2001 IEEE Computer Society Conference on Computer Vision and Pattern Recognition (CVPR '01), Kauai, HI}}
@STRING{CVPR07 = {Proceedings of the 2007 IEEE Computer Society Conference on Computer Vision and Pattern Recognition (CVPR '07), Minneapolis, MN}}

% CurrGenet
@STRING{CurrGenet = {Current Genetics}}

% CurrProteinPeptSci
@STRING{CurrProteinPeptSci = {Current Protein and Peptide Science}}

% DaMoN
@STRING{DaMoN10 = {Proceedings of the 6th International Workshop on Data Management on New Hardware (DaMoN), Indianapolis, IN}}
@STRING{DaMoN09 = {Proceedings of the 5th International Workshop on Data Management on New Hardware (DaMoN), Providence, RI}}
@STRING{DaMoN08 = {Proceedings of the 4th International Workshop on Data Management on New Hardware (DaMoN), Vancouver, BC}}
@STRING{DaMoN07 = {Proceedings of the 3rd International Workshop on Data Management on New Hardware (DaMoN), Beijing, China}}

% Data Mining and Knowledge Discovery
@STRING{DAMI = {Data Mining and Knowledge Discovery}}

% DASFAA
@STRING{DASFAA11 = {Proceedings of the 16th International Conference on Database Systems for Advanced Applications (DASFAA), Hong Kong, China}}
@STRING{DASFAA10 = {Proceedings of the 15th International Conference on Database Systems for Advanced Applications (DASFAA), Tsukuba, Japan}}
@STRING{DASFAA09 = {Proceedings of the 14th International Conference on Database Systems for Advanced Applications (DASFAA), Brisbane, Australia}}
@STRING{DASFAA08 = {Proceedings of the 13th International Conference on Database Systems for Advanced Applications (DASFAA), New Delhi, India}}
@STRING{DASFAA07 = {Proceedings of the 12th International Conference on Database Systems for Advanced Applications (DASFAA), Bangkok, Thailand}}
@STRING{DASFAA06 = {Proceedings of the 11th International Conference on Database Systems for Advanced Applications (DASFAA), Singapore}}
@STRING{DASFAA05 = {Proceedings of the 10th International Conference on Database Systems for Advanced Applications (DASFAA), Beijing, China}}
@STRING{DASFAA04 = {Proceedings of the 9th International Conference on Database Systems for Advanced Applications (DASFAA), Jeju Island, Korea}}
@STRING{DASFAA03 = {Proceedings of the 8th International Conference on Database Systems for Advanced Applications (DASFAA), Kyoto, Japan}}
@STRING{DASFAA01 = {Proceedings of the 7th International Conference on Database Systems for Advanced Applications (DASFAA), Hong Kong, China}}
@STRING{DASFAA00 = {Current Issues in Databases and Information Systems, East-European Conference on Advances in Databases and Information Systems Held Jointly with International Conference on Database Systems for Advanced Applications, ADBIS-DASFAA, Prague, Czech Republic}}
@STRING{DASFAA99 = {Proceedings of the 6th International Conference on Database Systems for Advanced Applications (DASFAA), Hsinchu, Taiwan}}
@STRING{DASFAA97 = {Proceedings of the 5th International Conference on Database Systems for Advanced Applications (DASFAA), Melbourne, Australia}}
@STRING{DASFAA95 = {Proceedings of the 4th International Conference on Database Systems for Advanced Applications (DASFAA), Singapore}}
@STRING{DASFAA93 = {Proceedings of the 3rd International Conference on Database Systems for Advanced Applications (DASFAA), Daejeon, Korea}}
@STRING{DASFAA91 = {Proceedings of the 2nd International Conference on Database Systems for Advanced Applications (DASFAA), Tokyo, Japan}}
@STRING{DASFAA89 = {Proceedings of the 1st International Conference on Database Systems for Advanced Applications (DASFAA), Seoul, Korea}}

% DAWAK
@STRING{DAWAK03 = {Proceedings of the 5th International Conference on Data Warehousing and Knowledge Discovery (DaWaK), Prague, Czech Republic}}
@STRING{DAWAK02 = {Proceedings of the 4th International Conference on Data Warehousing and Knowledge Discovery (DaWaK), Aix-en-Provence, France}}
@STRING{DAWAK01 = {Proceedings of the 3rd International Conference on Data Warehousing and Knowledge Discovery (DaWaK), Munich, Germany}}
@STRING{DAWAK00 = {Proceedings of the 2nd International Conference on Data Warehousing and Knowledge Discovery (DaWaK), Greenwich, UK}}
@STRING{DAWAK99 = {Proceedings of the 1st International Conference on Data Warehousing and Knowledge Discovery (DaWaK), Florence, Italy}}

% DBA
@STRING{DBA04 = {Proceedings of the IASTED International Conference on Databases and Applications (DBA), Innsbruck, Austria}}

% Database Management Systems for Geographical Applications
@STRING{DBMSGA91 = {Proceedings of the International Workshop on Database Management Systems for Geographical Applications, Capri, Italy}}

% Datenbank-Spektrum
@STRING{DBSpek = {Datenbank-Spektrum}}

% Data Engineering Bulletin
@STRING{DEB = {IEEE Data Engineering Bulletin}}

% DBLM Workshop
@STRING{WorkshopDEXA10DBLM = {Proceedings of the 21st International Conference on Database and Expert Systems Applications (DEXA), 2nd Workshop on Database Technology for Life Sciences and Medicine (DBLM), Bilbao, Spain}}

% DEMM
@STRING{DEMM00 = {Proceedings of the 9th International Workshop on Foundations of Models and Languages for Data and Objects: Database Schema Evolution and Meta Modeling (DEMM 2000), University of Twente, Netherlands}}

% DEXA
@STRING{DEXA03 = {Proceedings of the 14th International Conference on Database and Expert Systems Applications (DEXA), Prague, Czech Republic}}
@STRING{DEXA93 = {Proceedings of the 4th International Conference on Database and Expert Systems Applications (DEXA), Prague, Czech Republic}}
@STRING{DEXA91 = {Proceedings of the 2nd International Conference on Database and Expert Systems Applications (DEXA), Berlin, Germany}}
@STRING{DEXA90 = {Proceedings of the 1st International Conference on Database and Expert Systems Applications (DEXA), Vienna, Austria}}

% Data & Knowledge Engineering
@STRING{DKE = {Data \& Knowledge Engineering}}

% DMIN
@STRING{DMIN07 = {Proceedings of the International Conference on Data Mining (DMIN), Las Vegas, NV}}

% DMKD
@STRING{DMKD00 = {Proceedings of the ACM SIGMOD Workshop on Research Issues in Data Mining and Knowledge Discovery (DMKD), Dallas, TX}}
@STRING{DMKD02 = {Proceedings of the ACM SIGMOD Workshop on Research Issues in Data Mining and Knowledge Discovery (DMKD), Madison, WI}}
@STRING{DMKD03 = {Proceedings of the ACM SIGMOD Workshop on Research Issues in Data Mining and Knowledge Discovery (DMKD), San Diego, CA}}

% Discovery Science
@STRING{DS04 = {Proceedings of Discovery Science}}

% Data Warehouse und Management Informations Systeme
@STRING{DWMIS = {Data Warehouse und Management Informations Systeme}}

% eclipse at OOPSLA
@STRING{eclipse06 = {Proceedings of the 2006 OOPSLA workshop on eclipse technology eXchange}}

% EbM / Evidenzbasierte Medizin
@STRING{EBM2010 = {Forum Medizin 21, Evidenzbasierte Medizin (EbM), Salzburg, Austria}}

% ECCV02
@STRING{ECCV02 = {Proceedings of the 7th European Conference on Computer Vision (ECCV) ,Copenhagen, Denmark}}

% ECML
@STRING{ECML06 = {Proceedings of the 17th European Conference on Machine Learning (ECML), Berlin, Germany}}
@STRING{ECML03 = {Proceedings of the 14th European Conference on Machine Learning (ECML), Cavtat-Dubrovnik, Croatia}}
@STRING{ECML94 = {Proceedings of the 7th European Conference on Machine Learning (ECML), Catania, Italy}}

% ECMLPKDD
@STRING{ECMLPKDD07 = {Proceedings of the European Conference on Machine Learning and Principles and Practice of Knowledge Discovery in Databases (ECML PKDD), Warsaw, Poland}}
@STRING{ECMLPKDD08 = {Proceedings of the European Conference on Machine Learning and Principles and Practice of  Knowledge Discovery in Databases (ECML PKDD), Antwerp, Belgium}}
@STRING{ECMLPKDD09 = {Proceedings of the European Conference on Machine Learning and Principles and Practice of  Knowledge Discovery in Databases (ECML PKDD), Bled, Slovenia}}
@STRING{ECMLPKDD10 = {Proceedings of the European Conference on Machine Learning and Principles and Practice of  Knowledge Discovery in Databases (ECML PKDD), Barcelona, Spain}}
@STRING{ECMLPKDD11 = {Proceedings of the European Conference on Machine Learning and Principles and Practice of  Knowledge Discovery in Databases (ECML PKDD)}}
@STRING{ECMLPKDD12 = {Proceedings of the European Conference on Machine Learning and Principles and Practice of  Knowledge Discovery in Databases (ECML PKDD), Bristol, UK}}
@STRING{ECMLPKDD13 = {Proceedings of the European Conference on Machine Learning and Principles and Practice of Knowledge Discovery in Databases (ECML PKDD), Prague, Czech Republic}}
@STRING{ECMLPKDD14 = {Proceedings of the European Conference on Machine Learning and Principles and Practice of Knowledge Discovery in Databases (ECML PKDD), Nancy, France}}

% EDBT
@STRING{EDBT09 = {Proceedings of the 12th International Conference on Extending Database Technology (EDBT), Saint-Petersburg, Russia}}
@STRING{EDBT08 = {Proceedings of the 11th International Conference on Extending Database Technology (EDBT), Nantes, France}}
@STRING{EDBT06 = {Proceedings of the 10th International Conference on Extending Database Technology (EDBT), Munich, Germany}}
@STRING{EDBT04 = {Proceedings of the 9th International Conference on Extending Database Technology (EDBT), Heraklion, Greece}}
@STRING{EDBT02 = {Proceedings of the 8th International Conference on Extending Database Technology (EDBT), Prague, Czech Republic}}
@STRING{EDBT00 = {Proceedings of the 7th International Conference on Extending Database Technology (EDBT), Konstanz, Germany}}
@STRING{EDBT98 = {Proceedings of the 6th International Conference on Extending Database Technology (EDBT), Valencia, Spain}}
@STRING{EDBT96 = {Proceedings of the 5th International Conference on Extending Database Technology (EDBT), Avignon, France}}
@STRING{EDBT94 = {Proceedings of the 4th International Conference on Extending Database Technology (EDBT), Cambridge, UK}}
@STRING{EDBT92 = {Proceedings of the 3rd International Conference on Extending Database Technology (EDBT), Vienna, Austria}}
@STRING{EDBT90 = {Proceedings of the 2nd International Conference on Extending Database Technology (EDBT), Venice, Italy}}
@STRING{EDBT88 = {Proceedings of the 1st International Conference on Extending Database Technology (EDBT), Venice, Italy}}

% EDBT Workshop
@STRING{EDBT02PHDWS = {Proceedings of the PhD Workshop at the 8th International Conference on Extending Database Technology (EDBT), Prague, Czech Republic}}

% EFIS
@STRING{EFIS01 = {Proceedings of the 4th International Workshop on Engineering Federated Information Systems (EFIS), Berlin, Germany}}
@STRING{EFIS00 = {Proceedings of the 3rd International Workshop on Engineering Federated Information Systems (EFIS), Dublin, Ireland}}

% Elsevier publisher
@STRING{Elsevier = {Elsevier}}

% EMBOJ
@STRING{EMBOJ = {The EMBO Journal}}

% EMBORep
@STRING{EMBORep = {EMBO Reports}}

% IEEE Engineering in Medicine and Biology Society
@STRING{EMBS = {IEEE Engineering in Medicine and Biology Society}}

% ESANN
@STRING{ESANN07 = {Proceedings of the 15th European Symposium on Artificial Neural Networks (ESANN), Bruges, Belgium}}
@STRING{ESANN05 = {Proceedings of the 13th European Symposium on Artificial Neural Networks (ESANN), Bruges, Belgium}}

% ESEC-FSE
@STRING{ESEC-FSE05 = {Proceedings of the 10th European Software Engineering Conference (ESEC) held jointly with 13th ACM SIGSOFT International Symposium on Foundations of Software Engineering (FSE), Lisbon, Portugal}}
@STRING{ESEC-FSE07 = {Proceedings of the 6th Joint Meeting of the European Software Engineering Conference (ESEC) and the ACM SIGSOFT Symposium on Foundations of Software Engineering (FSE), Dubrovnik, Croatia}}

% ESOA
@STRING{ESOA04 = {Proceedings of the 2nd International Workshop on Engineering Self-Organising Applications (ESOA), New York}}

% European Journal of Biochemistry
@STRING{EurJBiochem = {European Journal of Biochemistry}}

% Eurohaptics
@STRING{EUROHAP01 = {Proceedings of the International Conference on Eurohaptics (EuroHaptics), Birmingham, UK}}

% EuroCG
@STRING{EuroCG91 = {Proceedings of the 7th European Workshop on Computational Geometry (EuroCG), Bern, Switzerland}}

% Extreme Markup Languages
@STRING{Extreme05 = {Proceedings of the Extreme Markup Languages 2005 Conference, Montreal, Quebec, Canada}}

% FEBSLett
@STRING{FEBSLett = {FEBS Letters}}

% FODO: Foundations of Data Organization and Algorithms
@STRING{FODO93 = {Proceedings of the 4th International Conference on Foundations of Data Organization and Algorithms (FODO), Chicago, IL}}

% Freeman
@STRING{Freeman = {W.\ H.\ Freeman}}

% GCB
@STRING{GCB98 = {Proceedings of the German Conference on Bioinformatics (GCB), Cologne, Germany}}
@STRING{GCB96 = {Proceedings of the German Conference on Bioinformatics (GCB), Leipzig, Germany}}

% Genetics and Molecular Biology
@STRING{GenetMolBiol = {Genetics and Molecular Biology}}

% GenesDev
@STRING{GenesDev = {Genes \& Development}}

% Genome Biology
@STRING{GenomeBiology = {Genome Biology}}

% GenomeRes
@STRING{GenomeRes = {Genome Research}}

% Genomics, Proteomics, and Bioinformatics
@STRING{GenoProtBioinfo = {Genomics, Proteomics, and Bioinformatics}}

% Geographic Data Mining and Knowledge Discovery
@STRING{GeoDMKD = {Geographic Data Mining and Knowledge Discoverys}}

% GEOINFO
@STRING{GEOINFO03 = {Proceedings of the 5th Brazilian Symposium on GeoInformatics (GEOINFO), Campos do Jord{\~a}o, Brazil}}

% GeoInformatica Journal
@STRING{GeoInformatica = {GeoInformatica}}

% GIS see ACMGIS
@STRING{GIS90 = {Proceedings of the International Conference on Geographic Information Systems, Ottawa, Canada}}

% HCII
@STRING{HCII07 = {Proceedings of the 12th International Conference on Human-Computer Interaction (HCII), Beijing, China}}

%IBM Systems Journal
@STRING{IBMSystJ = {IBM Systems Journal}}

%ICBO
@STRING{ICBO09 = {Proceedings of the International Conference on Biomedical Ontologies (ICBO), Buffalo, NY}}

% ICCV
@STRING{ICCV99 = {Proceedings of the International Conference on Computer Vision (ICCV '99)}}
@STRING{ICCV03 = {Proceedings of the 9th IEEE International Conference on Computer Vision (ICCV '03)}}
@STRING{ICCV07 = {Proceedings of the 11th IEEE International Conference on Computer Vision}}
% ICDE
@STRING{ICDE19 = {Proceedings of the 35th International Conference on Data Engineering (ICDE), Macau, China}}
@STRING{ICDE18 = {Proceedings of the 34th International Conference on Data Engineering (ICDE), Paris, France}}
@STRING{ICDE17 = {Proceedings of the 33rd International Conference on Data Engineering (ICDE), San Diego, CA}}
@STRING{ICDE16 = {Proceedings of the 32nd International Conference on Data Engineering (ICDE), Helsinki, Finland}}
@STRING{ICDE15 = {Proceedings of the 31st International Conference on Data Engineering (ICDE), Paris, France}}
@STRING{ICDE14 = {Proceedings of the 30th International Conference on Data Engineering (ICDE), Chicago, IL}}
@STRING{ICDE13 = {Proceedings of the 29th International Conference on Data Engineering (ICDE), Madrid, Spain}}
@STRING{ICDE12 = {Proceedings of the 28th International Conference on Data Engineering (ICDE), Washington, DC}}
@STRING{ICDE11 = {Proceedings of the 27th International Conference on Data Engineering (ICDE), Hannover, Germany}}
@STRING{ICDE10 = {Proceedings of the 26th International Conference on Data Engineering (ICDE), Long Beach, CA}}
@STRING{ICDE09 = {Proceedings of the 25th International Conference on Data Engineering (ICDE), Shanghai, China}}
@STRING{ICDE08 = {Proceedings of the 24th International Conference on Data Engineering (ICDE), Cancun, Mexico}}
@STRING{ICDE07 = {Proceedings of the 23rd International Conference on Data Engineering (ICDE), Istanbul, Turkey}}
@STRING{ICDE06 = {Proceedings of the 22nd International Conference on Data Engineering (ICDE), Atlanta, GA}}
@STRING{ICDE05 = {Proceedings of the 21st International Conference on Data Engineering (ICDE), Tokyo, Japan}}
@STRING{ICDE04 = {Proceedings of the 20th International Conference on Data Engineering (ICDE), Boston, MA}}
@STRING{ICDE03 = {Proceedings of the 19th International Conference on Data Engineering (ICDE), Bangalore, India}}
@STRING{ICDE02 = {Proceedings of the 18th International Conference on Data Engineering (ICDE), San Jose, CA}}
@STRING{ICDE01 = {Proceedings of the 17th International Conference on Data Engineering (ICDE), Heidelberg, Germany}}
@STRING{ICDE00 = {Proceedings of the 16th International Conference on Data Engineering (ICDE), San Diego, CA}}
@STRING{ICDE99 = {Proceedings of the 15th International Conference on Data Engineering (ICDE), Sydney, Australia}}
@STRING{ICDE98 = {Proceedings of the 14th International Conference on Data Engineering (ICDE), Orlando, FL}}
@STRING{ICDE97 = {Proceedings of the 13th International Conference on Data Engineering (ICDE), Birmingham, UK}}
@STRING{ICDE96 = {Proceedings of the 12th International Conference on Data Engineering (ICDE), New Orleans, LA}}
@STRING{ICDE95 = {Proceedings of the 11th International Conference on Data Engineering (ICDE), Taipei, Taiwan}}
@STRING{ICDE94 = {Proceedings of the 10th International Conference on Data Engineering (ICDE), Houston, TX}}
@STRING{ICDE93 = {Proceedings of the 9th International Conference on Data Engineering (ICDE), Vienna, Austria}}
@STRING{ICDE92 = {Proceedings of the 8th International Conference on Data Engineering (ICDE), Tempe, AZ}}
@STRING{ICDE91 = {Proceedings of the 7th International Conference on Data Engineering (ICDE), Kobe, Japan}}
@STRING{ICDE90 = {Proceedings of the 6th International Conference on Data Engineering (ICDE), Los Angeles, CA}}
@STRING{ICDE89 = {Proceedings of the 5th International Conference on Data Engineering (ICDE), Los Angeles, CA}}
@STRING{ICDE88 = {Proceedings of the 4th International Conference on Data Engineering (ICDE), Los Angeles, CA}}
@STRING{ICDE87 = {Proceedings of the 3rd International Conference on Data Engineering (ICDE), Los Angeles, CA}}
@STRING{ICDE86 = {Proceedings of the 2nd International Conference on Data Engineering (ICDE), Los Angeles, CA}}
@STRING{ICDE85 = {Proceedings of the 1st International Conference on Data Engineering (ICDE), Los Angeles, CA}}

% ICDE Tutorial
@STRING{ICDE01Tut = {Tutorial at the 17th International Conference on Data Engineering (ICDE), Heidelberg, Germany}}

% ICDM
@STRING{ICDM19 = {Proceedings of the 19th IEEE International Conference on Data Mining (ICDM), Beijing, China}}
@STRING{ICDM18 = {Proceedings of the 18th IEEE International Conference on Data Mining (ICDM), Singapore}}
@STRING{ICDM17 = {Proceedings of the 17th IEEE International Conference on Data Mining (ICDM), New Orleans, LA}}
@STRING{ICDM16 = {Proceedings of the 16th IEEE International Conference on Data Mining (ICDM), Barcelona, Spain}}
@STRING{ICDM15 = {Proceedings of the 15th IEEE International Conference on Data Mining (ICDM), Atlantic City, NJ}}
@STRING{ICDM14 = {Proceedings of the 14th IEEE International Conference on Data Mining (ICDM), Shenzhen, China}}
@STRING{ICDM13 = {Proceedings of the 14th IEEE International Conference on Data Mining (ICDM), Dallas, Texas}}
@STRING{ICDM12 = {Proceedings of the 12th IEEE International Conference on Data Mining (ICDM), Brussels, Belgium}}
@STRING{ICDM11 = {Proceedings of the 11th IEEE International Conference on Data Mining (ICDM), Vancouver, Canada}}
@STRING{ICDM10 = {Proceedings of the 10th IEEE International Conference on Data Mining (ICDM), Sydney, Australia}}
@STRING{ICDM09 = {Proceedings of the 9th IEEE International Conference on Data Mining (ICDM), Miami, FL}}
@STRING{ICDM08 = {Proceedings of the 8th IEEE International Conference on Data Mining (ICDM), Pisa, Italy}}
@STRING{ICDM07 = {Proceedings of the 7th IEEE International Conference on Data Mining (ICDM), Omaha, NE}}
@STRING{ICDM06 = {Proceedings of the 6th IEEE International Conference on Data Mining (ICDM), Hong Kong, China}}
@STRING{ICDM05 = {Proceedings of the 5th IEEE International Conference on Data Mining (ICDM), Houston, TX}}
@STRING{ICDM04 = {Proceedings of the 4th IEEE International Conference on Data Mining (ICDM), Brighton, UK}}
@STRING{ICDM03 = {Proceedings of the 3rd IEEE International Conference on Data Mining (ICDM), Melbourne, FL}}
@STRING{ICDM02 = {Proceedings of the 2nd IEEE International Conference on Data Mining (ICDM), Maebashi City, Japan}}
@STRING{ICDM01 = {Proceedings of the 1st IEEE International Conference on Data Mining (ICDM), San Jose, CA}}

% ICDM Tutorial
@STRING{ICDM07Tut = {Tutorial at the 7th International Conference on Data Mining (ICDM), Omaha, NE}}
@STRING{ICDM02Tut = {Tutorial at the 2th International Conference on Data Mining (ICDM), Maebashi City, Japan}}

% ICDM Workshop
@STRING{ICDM03WS = {Proceedings of the International Workshop on Clustering Large Data Sets at the 3rd IEEE International Conference on Data Mining (ICDM), Melbourne, FL}}
@STRING{ICDM06WS = {Proceedings of the International Workshop on Clustering Large Data Sets at the 6rd IEEE International Conference on Data Mining (ICDM), Hong Kong}}
@STRING{ICDM07WS = {Proceedings of the International Workshop on Mining Graphs and Complex Structures at the 7th IEEE International Conference on Data Mining (ICDM), Omaha, NE}}
@STRING{ICDM11WS = {Proceedings of the Data Mining Workshops (ICDMW) at the 11th IEEE International Conference on Data Mining (ICDM), Vancouver, Canada}}


% ICDT
@STRING{ICDT99 = {Proceedings of the 7th International Conference on Database Theory (ICDT), Jerusalem, Israel}}
@STRING{ICDT01 = {Proceedings of the 8th International Conference on Database Theory (ICDT), London, UK}}

% ICEIS
@STRING{ICEIS05 = {Proceedings of the 7th International Conference on Enterprise Information Systems (ICEIS), Miami, FL}}

% ICIAR
@STRING{ICIAR06 = {Proceedings of the 3rd International Conference on Image Analysis and Recognition, P\'{o}voa de Varzim, Portugal}}

% ICIG
@STRING{ICIG04 = {Proceedings of the 3rd International Conference on Image and Graphics, Hong Kong, China}}

% ICIP
@STRING{ICIP11 = {Proceedings of the IEEE International Conference on Image Processing (ICIP), Brussels, Belgium}}
@STRING{ICIP03 = {Proceedings of the IEEE International Conference on Image Processing (ICIP), Barcelona, Spain}}
@STRING{ICIP97 = {Proceedings of the IEEE International Conference on Image Processing (ICIP), Santa Barbara, CA}}

% ICME
@STRING{ICME06 = {Proceedings of the IEEE International Conference on Multimedia and Expo (ICME), Toronto, Canada}}
@STRING{ICME04 = {Proceedings of the IEEE International Conference on Multimedia and Expo (ICME), Taipei, Taiwan}}

% ICML
@STRING{ICML11 = {Proceedings of the 28th International Conference on Machine Learning (ICML), Bellevue, WA}}
@STRING{ICML09 = {Proceedings of the 26th International Conference on Machine Learning (ICML), Montreal, Canada}}
@STRING{ICML06 = {Proceedings of the 23rd International Conference on Machine Learning (ICML), Pittsburgh, PA}}
@STRING{ICML05 = {Proceedings of the 22nd International Conference on Machine Learning (ICML), Bonn, Germany}}
@STRING{ICML04 = {Proceedings of the 21st International Conference on Machine Learning (ICML), Banff, Canada}}
@STRING{ICML03 = {Proceedings of the 20th International Conference on Machine Learning (ICML), Washington, DC}}
@STRING{ICML02 = {Proceedings of the 19th International Conference on Machine Learning (ICML), Sydney, Australia}}
@STRING{ICML01 = {Proceedings of the 18th International Conference on Machine Learning (ICML), Williams College, MA}}
@STRING{ICML00 = {Proceedings of the 17th International Conference on Machine Learning (ICML), Stanford University, CA}}
@STRING{ICML98 = {Proceedings of the 15th International Conference on Machine Learning (ICML), Madison, WI}}
@STRING{ICML97 = {Proceedings of the 14th International Conference on Machine Learning (ICML), Nashville, TN}}
@STRING{ICML96 = {Proceedings of the 13th International Conference on Machine Learning (ICML), Bari, Italy}}

% ICMLA
@STRING{ICMLA09 = {Proceedings of the 8th International Conference on Machine Learning and Applications (ICMLA), Miami Beach, FL}}


% ICPR
@STRING{ICPR04 = {Proceedings of the 17th International Conference on Pattern Recognition (ICPR), Cambridge, England, UK}}
@STRING{ICPR02 = {Proceedings of the 16th International Conference on Pattern Recognition (ICPR), Quebec, Canada}}
@STRING{ICPR00 = {Proceedings of the 14th International Conference on Pattern Recognition (ICPR), Barcelona, Spain}}

% ICSE
@STRING{ICSE09 = {Proceedings of the 31st International Conference on Software Engineering (ICSE), Vancouver, BC}}
@STRING{ICSE08 = {Proceedings of the 30th International Conference on Software Engineering (ICSE), Leipzig, Germany}}

% ICSM
@STRING{ICSM09 = {Proceedings of the 25th IEEE International Conference on Software Maintenance (ICSM), Edmonton, Alberta}}

% ICSMC : IEEE International Conference on Systems, Man, and Cybernetics
@STRING{ICSMC00 = {Proceedings of the 2000 IEEE International Conference on Systems, Man, and Cybernetics (ICSMC), Nashville, TN}}

% IDA
@STRING{IDA09 = {Proceedings of the 8th International Symposium on Intelligent Data Analysis (IDA), Lyon, France}}

% IDEAL
@STRING{IDEAL03 = {Proceedings of the 4th International Conference on Intelligent Data Engineering and Automated Learning (IDEAL), Hong Kong, China}}

% IDS
@STRING{IDS92 = {Proceedings of the 1st International Workshop on Interfaces to Database Systems (IDS), Glasgow, UK}}

% IEEE Transactions (in alphabetic order)
@STRING{PIEEE = {Proceedings of the IEEE}}
@STRING{IEEETASSP = {IEEE Transactions on Acoustics, Speech, and Signal Processing}}
@STRING{IEEETAC = {IEEE Transactions on Automatic Control}}
% IEEE transactions on biomedical engineering
@STRING{IEEEBE = {IEEE Transactions on Biomedical Engineering}}
@STRING{IEEETCBB = {IEEE/ACM Transactions on Computational Biology and Bioinformatics}}
@STRING{IEEETC = {IEEE Transactions on Computers}}
@STRING{IEEETIT = {IEEE Transactions on Information Technology}}
@STRING{TKDE = {IEEE Transactions on Knowledge and Data Engineering}}
@STRING{IEEETKDE = {IEEE Transactions on Knowledge and Data Engineering}}
@STRING{SSP09 = {Proceedings of the 30th IEEE Symposium on Security and Privacy}}


% IEEE Transactions on Medical Imaging
@STRING{IEEEME = {IEEE Transactions on Medical Imaging}}
@STRING{IEEESignalProcessing = {IEEE Signal Processing Magazine}}
@STRING{TNN = {IEEE Transactions on Neural Networks}}
@STRING{IEEETNN = {IEEE Transactions on Neural Networks}}

% IEEE Nuclear Science Symposium and Medical Imaging Conference
@STRING{NSSMIC = {IEEE Nuclear Science Symposium and Medical Imaging Conference}}

% IEEE Nuclear Science Symposium Conference Record
@STRING{NSSCR = {IEEE Nuclear Science Symposium Conference Record}}
@STRING{TPAMI = {IEEE Transactions on Pattern Analysis and Machine Intelligence}}
@STRING{IEEETPAMI = {IEEE Transactions on Pattern Analysis and Machine Intelligence}}
@STRING{TSAP = {IEEE Transactions on Speech and Audio Processing}}
@STRING{IEEETSAP = {IEEE Transactions on Speech and Audio Processing}}
@STRING{TSE = {IEEE Transactions on Software Engineering}}
@STRING{IEEETSE = {IEEE Transactions on Software Engineering}}
@STRING{TSMC = {IEEE Transactions on Systems, Man, and Cybernetics}}
@STRING{IEEETSMC = {IEEE Transactions on Systems, Man, and Cybernetics}}

% Informatik - Forschung und Entwicklung
@STRING{IFE = {Informatik - Forschung und Entwicklung}}

% IFI-LMU
@STRING{IFI = {Institute for Informatics, Ludwig-Maximilians-University, Munich, Germany}}

% IFIP
@STRING{IFIP98 = {Proceedings of the 10th International IFIP WG5.2/WG5.3 Conference on Globalization of Manufacturing in the Digital Communications Era of the 21st Century: Innovation, Agility, and the Virtual Enterprise (PROLAMAT), Trento, Italy}}

% IFM
@STRING{IFM00 = {Proceedings of the 2nd International Conference on Integrated Formal Methods (IFM), Schloss Dagstuhl, Germany}}

% IGIS
@STRING{IGIS94 = {Proceedings of the International Workshop on Advanced Research in Geographic Information Systems (IGIS), Monte Verita, Ascona, Switzerland}}

% IIB
@STRING{IIB95 = {Proceedings of the 3rd GI-Fachtagung Bioinformatik - Informatik in den Biowissenschaften, Braunschweig, Germany}}
@STRING{IIB94 = {Proceedings of the 2nd GI-Fachtagung Informatik in den Biowissenschaften, Jena, Germany}}

% IIWAS
@STRING{IIWAS02 = {Proceedings of the 4th International Conference on Information Integration and Web-based Applications and Services (IIWAS), Bandung, Indonesia}}

% IJCAI
@STRING{IJCAI99 = {Proceedings of the 11th International Joint Conference on Artificial Intelligence (IJCAI), Stockholm, Sweden}}
@STRING{IJCAI93 = {Proceedings of the 5th International Joint Conference on Artificial Intelligence (IJCAI), Chambery, France}}
@STRING{IJCAI77 = {Proceedings of the 5th International Joint Conference on Artificial Intelligence (IJCAI), Cambridge, MA}}
@STRING{IJCAI09 = {Proceedings of the 21st International Joint Conference on Artificial Intelligence (IJCAI), Pasadena, CA}}

% International Journal of Computer Vision (Springer)
@STRING{IJCV = {International Journal of Computer Vision}}

% Springer Journal of Pattern Analysis and Applications
@STRING{JPAA = {Journal of Pattern Analysis and Applications}}

% International Journal of Data Warehousing and Mining
@STRING{IJDWM = {International Journal of Data Warehousing and Mining}}

% INF
@STRING{INF00 = {Proceedings of the 30rd GI-Jahrestagung Informatik, Berlin, Germany}}

% Informatica
@STRING{Informatica = {Informatica}}

% INFOVIS
@STRING{INFOVIS98 = {Proceedings of the IEEE Symposium on Information Visualization (INFOVIS), Phoenix, AZ}}

% Informatik-Spektrum
@STRING{InfSpek = {Informatik-Spektrum}}

% Information and Software Technology
@STRING{InfSof = {Information and Software Technology}}

% Information Fusion
@STRING{InfFus = {Information Fusion}}

% In Silico Biology
@STRING{InSilicoBiology = {In Silico Biology}}

% Intelligent Data Analysis
@STRING{IntelligentDataAnalysis = {Intelligent Data Analysis}}

% International Journal of Business Intelligence and Data Mining
@STRING{BusinessIntelligenceDataMining = {International Journal of Business Intelligence and Data Mining}}

% International Journal of Information Technology and Intelligent Computing
@STRING{IntJITIC = {International Journal of Information Technology and Intelligent Computing}}

% IPL
@STRING{IPL = {Information Processing Letters}}

% IPSN: Information Processing In Sensor Networks
@STRING{IPSN07 = {Proceedings of the 6th International Conference on Information Processing In Sensor Networks (IPSN), Cambridge, MA}}

% ISWC
@STRING{ISWC19 = {Proceedings of the 18th International Semantic Web Conference, Auckland, New Zealand}}
@STRING{ISWC18 = {Proceedings of the 17th International Semantic Web Conference, Monterey, CA}}
@STRING{ISWC17 = {Proceedings of the 16th International Semantic Web Conference, Vienna, Austria}}
@STRING{ISWC07 = {Proceedings of the 6th International Semantic Web Conference, Busan, Korea}}

@STRING{SWJ = {Semantic Web}}
@STRING{IJSWIS = {International Journal on Semantic Web \& Information Systems}}

% ISO
@STRING{ISO = {International Organization for Standardization}}

% ISMB
@STRING{ISMB06 = {Proceedings of the 14th International Conference on Intelligent Systems for Molecular Biology (ISMB), Fortaleza, Brazil}}
@STRING{ISMB05 = {Proceedings of the 13th International Conference on Intelligent Systems for Molecular Biology (ISMB), Detroit, MI}}
@STRING{ISMB04 = {Proceedings of the 12th International Conference on Intelligent Systems for Molecular Biology (ISMB), Glasgow, UK}}
@STRING{ISMB03 = {Proceedings of the 11th International Conference on Intelligent Systems for Molecular Biology (ISMB), Brisbane, Australia}}
@STRING{ISMB02 = {Proceedings of the 10th International Conference on Intelligent Systems for Molecular Biology (ISMB), Edmonton, Canada}}
@STRING{ISMB01 = {Proceedings of the 9th International Conference on Intelligent Systems for Molecular Biology (ISMB), Copenhangen, Denmark}}
@STRING{ISMB00 = {Proceedings of the 8th International Conference on Intelligent Systems for Molecular Biology (ISMB), San Diego, CA}}
@STRING{ISMB99 = {Proceedings of the 7th International Conference on Intelligent Systems for Molecular Biology (ISMB), Heidelberg, Germany}}
@STRING{ISMB95 = {Proceedings of the 3rd International Conference on Intelligent Systems for Molecular Biology (ISMB), Cambridge, UK}}

% IWANN
@STRING{IWANN05 = {Proceedings of the 8th International Work-Conference on Artificial Neural Networks (IWANN), Barcelona, Spain}}

% IWCIA
@STRING{IWCIA04 = {Proceedings of teh 10th International Workshop on Combinatorial Image Analysis (IWCIA), Auckland, New Zealand}}

% IWPSE
@STRING{IWPSE01 = {Proceedings of the 4th International Workshop on Principles of Software Evolution (IWPSE), Vienna, Austria}}

% Journal of Applied Meteorology
@STRING{JAppliedMeteorology = {Journal of Applied Meteorology}}

% Journal of Artificial Intelligence Research JAIR
@STRING{JAIR = {Journal of Artificial Intelligence Research}}

% Journal of Applied Sciences
@STRING{JApplSci = {Journal of Applied Sciences}}

% Journal of Biological Chemistry
@STRING{JBC = {Journal of Biological Chemistry}}

% JBCB Journal of Bioinformatics and Computational Biology
@STRING{JBCB = {Journal of Bioinformatics and Computational Biology}}

% JBDA
@STRING{JBDA93 = {Proceedings of the 9iemes Journees Bases de Donnees Avoncees (9th Conference on Advanced Databases) (JBDA), Toulouse, France)}}

% JBioenergBiomembr
@STRING{JBioenergBiomembr = {Journal of Bioenergetics and Biomembranes}}

% Journal of Biomedical Informatics
@STRING{JBioMedI = {Journal of Biomedical Informatics}}

% Journal of Computational and Graphical Statistics
@STRING{JCGS = {Journal of Computational and Graphical Statistics}}

% Journal of Classification
@STRING{JClass = {Journal of Classification}}

% Journal of Complexity
@STRING{JCO = {Journal of Complexity}}

% Journal of Computational Biology
@STRING{JComputBiol = {Journal of Computational Biology}}

% Journal of Computer and System Sciences
@STRING{JCSS = {Journal of Computer and System Sciences}}

% Journal of Cybernetics
@STRING{JCybernet = {Journal of Cybernetics}}

% Journal of Ecology
@STRING{JEcol = {Journal of Ecology}}

% Journal of Forecasting
@STRING{JForecasting = {Journal of Forecasting}}

% JGenMicrobiol (Journal of General Microbiology)
@STRING{JGenMicrobiol = {Journal of General Microbiology}}

% Journal of Intelligent Information Systems
@STRING{JIIS = {Journal of Intelligent Information Systems}}

% JMachLearnRes
@STRING{JMLR = {Journal of Machine Learning Research}}

% Journal of Microscopy and Analysis
@STRING{JMA = {Journal of Microscopy and Analysis}}

% Journal of Molecular Biology
@STRING{JMolBiol = {Journal of Molecular Biology}}

% Journal of the American Statistical Association
@STRING{JASA = {Journal of the American Statistical Association}}

% Journal of Paleontology
@STRING{JPaleontology = {Journal of Paleontology}}

% Journal of ACM
@STRING{JACM={Journal of ACM}}

% Journal of the Royal Statistical Society: Series B (Statistical Methodology)
@STRING{JRStatistSocB = {Journal of the Royal Statistical Society: Series B (Statistical Methodology)}}
% Journal of the Royal Statistical Society: Series C (Applied Statistics)
@STRING{JRStatistSocC = {Journal of the Royal Statistical Society: Series C (Applied Statistics)}}
% Journal of the Royal Statistical Society: Series D (The Statistician)
@STRING{JRStatistSocD = {Journal of the Royal Statistical Society: Series D (The Statistician)}}

% J.UCS
@STRING{JUCS = {Journal of Universal Computer Science}}

% J. Vis. Commun. Image R.
@STRING{JVisCommunImageR = {Journal of Visual Communication and Image Representation}}

% KAIS
@STRING{KAIS = {Knowledge and Information Systems}}

% KBSAAI
@STRING{KBSAAI02 = {Proceedings of the 22nd International Conference on Knowledge Based Systems and Applied Artificial Intelligence}}

% KES
@STRING{KES04 = {Proceedings of the 8th International Conference on Knowledge-Based Intelligent Information and Engineering Systems (KES), Wellington, New Zealand}}

% KDD
@STRING{KDD19 = {Proceedings of the 21st ACM International Conference on Knowledge Discovery and Data Mining (SIGKDD), Anchorage, AK}}
@STRING{KDD18 = {Proceedings of the 21st ACM International Conference on Knowledge Discovery and Data Mining (SIGKDD), London, UK}}
@STRING{KDD17 = {Proceedings of the 21st ACM International Conference on Knowledge Discovery and Data Mining (SIGKDD), Halifax, NS}}
@STRING{KDD16 = {Proceedings of the 21st ACM International Conference on Knowledge Discovery and Data Mining (SIGKDD), San Francisco, CA}}
@STRING{KDD15 = {Proceedings of the 21st ACM International Conference on Knowledge Discovery and Data Mining (SIGKDD), Sydney, Australia}}
@STRING{KDD14 = {Proceedings of the 20th ACM International Conference on Knowledge Discovery and Data Mining (SIGKDD), New York, NY}}
@STRING{KDD13 = {Proceedings of the 19th ACM International Conference on Knowledge Discovery and Data Mining (SIGKDD), Chicago, IL}}
@STRING{KDD12 = {Proceedings of the 18th ACM International Conference on Knowledge Discovery and Data Mining (SIGKDD), Beijing, China}}
@STRING{KDD11 = {Proceedings of the 17th ACM International Conference on Knowledge Discovery and Data Mining (SIGKDD), San Diego, CA}}
@STRING{KDD10 = {Proceedings of the 16th ACM International Conference on Knowledge Discovery and Data Mining (SIGKDD), Washington, DC}}
@STRING{KDD09 = {Proceedings of the 15th ACM International Conference on Knowledge Discovery and Data Mining (SIGKDD), Paris, France}}
@STRING{KDD08 = {Proceedings of the 14th ACM International Conference on Knowledge Discovery and Data Mining (SIGKDD), Las Vegas, NV}}
@STRING{KDD07 = {Proceedings of the 13th ACM International Conference on Knowledge Discovery and Data Mining (SIGKDD), San Jose, CA}}
@STRING{KDD06 = {Proceedings of the 12th ACM International Conference on Knowledge Discovery and Data Mining (SIGKDD), Philadelphia, PA}}
@STRING{KDD05 = {Proceedings of the 11th ACM International Conference on Knowledge Discovery and Data Mining (SIGKDD), Chicago, IL}}
@STRING{KDD04 = {Proceedings of the 10th ACM International Conference on Knowledge Discovery and Data Mining (SIGKDD), Seattle, WA}}
@STRING{KDD03 = {Proceedings of the 9th ACM International Conference on Knowledge Discovery and Data Mining (SIGKDD), Washington, DC}}
@STRING{KDD02 = {Proceedings of the 8th ACM International Conference on Knowledge Discovery and Data Mining (SIGKDD), Edmonton, Alberta}}
@STRING{KDD01 = {Proceedings of the 7th ACM International Conference on Knowledge Discovery and Data Mining (SIGKDD), San Francisco, CA}}
@STRING{KDD00 = {Proceedings of the 6th ACM International Conference on Knowledge Discovery and Data Mining (SIGKDD), Boston, MA}}
@STRING{KDD99 = {Proceedings of the 5th ACM International Conference on Knowledge Discovery and Data Mining (SIGKDD), San Diego, CA}}
@STRING{KDD98 = {Proceedings of the 4th ACM International Conference on Knowledge Discovery and Data Mining (KDD), New York City, NY}}
@STRING{KDD97 = {Proceedings of the 3rd ACM International Conference on Knowledge Discovery and Data Mining (KDD), Newport Beach, CA}}
@STRING{KDD96 = {Proceedings of the 2nd ACM International Conference on Knowledge Discovery and Data Mining (KDD), Portland, OR}}
@STRING{KDD95 = {Proceedings of the 1st ACM International Conference on Knowledge Discovery and Data Mining (KDD), Montreal, Canada}}

% KDD Workshop
@STRING{KDDWorkshop03 = {Proceedings of the KDD-Workshop on Multi-Relational Data Mining (MRDM), Washington, DC}}
@STRING{KDDWorkshop02 = {Proceedings of the KDD-Workshop on Fractals and Self-similarity in Data Mining: Issues and Approaches, Edmonton, Alberta}}
@STRING{WorkshopKDD05OSDM = {Proceedings of the 1st Interational Workshop on Open Source Data Mining: Frequent Pattern Mining Implementations in conjunction with the 11th ACM International Conference on Knowledge Discovery and Data Mining (SIGKDD), Chicago, IL }}

% KDD Tutorial
@STRING{KDD08Tut = {Tutorial at the 14th ACM International Conference on Knowledge Discovery and Data Mining (SIGKDD), Las Vegas, NV}}
@STRING{KDD10Tut = {Tutorial at the 16th ACM International Conference on Knowledge Discovery and Data Mining (SIGKDD), Washington, DC}}

% KDID
@STRING{KDID05 = {Proceedings of the ECML PKDD Workshop on Knowledge Discovery in Inductive Databases (KDID)}}

% KI
@STRING{KI99 = {Proceedings of the 23rd Annual German Conference on Artificial Intelligence (KI), Bonn, Germany}}

% KI-Journal
@STRING{KIJournal = {KI - Zeitschrift Künstliche Intelligenz}}

% Ludwig-Maximilians-University
@STRING{LMU = {Ludwig-Maximilians-Universität München, Munich, Germany}}

% Ludwig-Maximilians-University und TUM
@STRING{LMUTU = {Technical University of Munich and Ludwig-Maximilians-Universit\"{a}t M\"{u}nchen, Munich, Germany}}

% MachineLearning
@STRING{MachineLearning = {Machine Learning}}
@STRING{ML = {Machine Learning}}

@STRING{MATHPROGRAM= {Mathematical Programming}}

% Maurer birthday
@STRING{MAURER = {Proceedings on occasion of H. Maurer's 50th birthday, New Results and New Trends in Computer Science, Graz, Austria}}

% JOURNAL Medical and Biological Engineering and Computing
@STRING{MBEC = {Medical and Biological Engineering and Computing}}

% Mining Complex Data (ICDM-Workshop)
@String{MCD05={Workshop on Mining Complex Data (MCD) on the 5th IEEE International Conference on Data Mining (ICDM), Houston, TX}}

% MCIS
@STRING{MCIS09 = {Proceedings of the 2nd International Workshop on Managing Data Quality in Collaborative Information Systems (MCIS), Brisbane, Australia}}

% MCS
@STRING{MCS00 = {First International Workshop on Multiple Classifier Systems (MCS), Cagliari, Italy}}
@STRING{MCS02 = {Third International Workshop on Multiple Classifier Systems (MCS), Cagliari, Italy}}
@STRING{MCS03 = {Fourth International Workshop on Multiple Classifier Systems (MCS), Guildford, UK}}

% MDM
@STRING{MDM08 = {Proceedings of the 9th International Conference on Mobile Data Management (MDM), Beijing, China}}

% MDM/KDD
@STRING{MDMKDD04 = {Proceedings of the 5th International Workshop on Multimedia Data Mining (MDM/KDD), Seattle, WA}}
@STRING{MDMKDD03 = {Proceedings of the 4th International Workshop on Multimedia Data Mining (MDM/KDD), Washington, DC}}

% MedPhys
@STRING{MedPhys = {Medical Physics}}

% MIT Press
@STRING{MITPress = {MIT Press}}

% Medical Image Computing and Computer-Assisted Intervention
@STRING{MICCAI11 = {Medical Image Computing and Computer-Assisted Intervention (MICCAI), Toronto, Canada}}
@STRING{MICCAI07 = {Medical Image Computing and Computer-Assisted Intervention (MICCAI), Brisbane, Australia}}

% MIW
@STRING{MIW01 = {Proceedings of the 2nd International Workshop on Management of Information on the Web - Web Data and Text Mining (MIW), Munich, Germany}}

% ML
@STRING{ML92 = {Proceedings of the 9th International Workshop on Machine Learning (ML), Aberdeen, Scotland, UK}}

% MLDM
@STRING{MLDM05 = {Proceedings of the 4th International Conference on Machine Learning and Data Mining in Pattern Recognition (MLDM), Leipzig, Germany}}
@STRING{MLDM07 = {Proceedings of the 5th International Conference on Machine Learning and Data Mining in Pattern Recognition (MLDM), Leipzig, Germany}}
@STRING{MLDM09 = {Proceedings of the 6th International Conference on Machine Learning and Data Mining in Pattern Recognition (MLDM), Leipzig, Germany}}

% MLG
@STRING{MLG11 = {Proceedings of the 9th International Workshop on Mining and Learning with Graphs (MLG), San Diego, USA}}
@STRING{MLG08 = {Proceedings of the 6th International Workshop on Mining and Learning with Graphs (MLG), Helsinki, Finland}}
@STRING{MLG07 = {Proceedings of the 5th International Workshop on Mining and Learning with Graphs (MLG), Firenze, Italy}}

% MMCBIR
@STRING{MMCBIR01 = {Proceedings of the International Workshop on MultiMedia Content-Based Indexing and Retrieval (MMCBIR 2001), Rocquencourt, France}}

% MMM
@STRING{MMM08 = {Proceedings of the 14th IEEE International MultiMedia Modeling Conference (MMM), Kyoto, Japan}}
@STRING{MMM06 = {Proceedings of the 12th IEEE International MultiMedia Modeling Conference (MMM), Beijing, China}}
@STRING{MMM05 = {Proceedings of the 11th IEEE International MultiMedia Modeling Conference (MMM), Melbourne, Australia}}
@STRING{MMM98 = {Proceedings of the 4th IEEE International MultiMedia Modeling Conference (MMM), Washington, DC}}

% Workshop Modellierung
@STRING{MOD00 = {Proceedings of the Workshop Modellierung 2000, St. Goar, Germany}}

% Molecular Biology of the Cell
@STRING{MolBiolCell = {Molecular Biology of the Cell}}

% MolMembrBiol
@STRING{MolMembrBiol = {Molecular Membrane Biology}}

% MSR
@STRING{MSR09 = {Proceedings of the 2009 International Working Conference on Mining Software Repositories (MSR), Vancouver, BC}}
@STRING{MSR06 = {Proceedings of the 2006 International Workshop on Mining Software Repositories (MSR), Shanghai, China}}

% MultiClust
@STRING{MultiClust10 = {{MultiClust:} 1st International Workshop on Discovering, Summarizing and Using Multiple Clusterings Held in Conjunction with KDD 2010, Washington, DC}}

% Nature Genetics
@STRING{NatGenet = {Nature Genetics}}

% Neural Networks
@STRING{NeuralNetworks = {Neural Networks}}

% Neural Nets Workshop
@STRING{NeuralNetsWIRN = {Proceedings of the 13th Italian Workshop on Neural Nets, Vietri, Italy}}

% Neurocomputing
@STRING{Neurocomputing = {Neurocomputing}}

% NIPS
@STRING{NIPS13 = {Proceedings of the 27th Annual Conference on Neural Information Processing Systems (NeurIPS), Lake Tahoe, NV}}
@STRING{NIPS09 = {Proceedings of the 23rd Annual Conference on Neural Information Processing Systems (NeurIPS), Whistler, Canada}}
@STRING{NIPS06 = {Proceedings of the 20th Annual Conference on Neural Information Processing Systems (NeurIPS), Vancouver, BC}}
@STRING{NIPS04 = {Proceedings of the 18th Annual Conference on Neural Information Processing Systems (NeurIPS), Vancouver, BC}}
@STRING{NIPS01 = {Proceedings of the 15th Annual Conference on Neural Information Processing Systems (NeurIPS), Vancouver, BC}}
@STRING{NIPS00 = {Proceedings of the 14th Annual Conference on Neural Information Processing Systems (NeurIPS), Denver, CO}}

% NIPS Workshop
@STRING{NIPS09WS = {Proceedings of the Workshop on Analyzing Networks and Learning with Graphs at the 23rd Annual Conference on Neural Information Processing Systems (NIPS), Whistler, Canada}}

% Nucleic Acids Research
@STRING{NucleicAcidsResearch = {Nucleic Acids Research}}

% Oncogene
@STRING{Oncogene = {Oncogene}}

% PAKDD
@STRING{PAKDD02 = {Proceedings of the 6th Pacific-Asia Conference on Knowledge Discovery and Data Mining (PAKDD), Taipei, Taiwan}}
@STRING{PAKDD03 = {Proceedings of the 7th Pacific-Asia Conference on Knowledge Discovery and Data Mining (PAKDD), Seoul, Korea}}
@STRING{PAKDD04 = {Proceedings of the 8th Pacific-Asia Conference on Knowledge Discovery and Data Mining (PAKDD), Sydney, Australia}}
@STRING{PAKDD05 = {Proceedings of the 9th Pacific-Asia Conference on Knowledge Discovery and Data Mining (PAKDD), Hanoi, Vietnam}}
@STRING{PAKDD06 = {Proceedings of the 10th Pacific-Asia Conference on Knowledge Discovery and Data Mining (PAKDD), Singapore}}
@STRING{PAKDD07 = {Proceedings of the 11th Pacific-Asia Conference on Knowledge Discovery and Data Mining (PAKDD), Nanjing, China}}
@STRING{PAKDD08 = {Proceedings of the 12th Pacific-Asia Conference on Knowledge Discovery and Data Mining (PAKDD), Osaka, Japan}}
@STRING{PAKDD09 = {Proceedings of the 13th Pacific-Asia Conference on Knowledge Discovery and Data Mining (PAKDD), Bangkok, Thailand}}
@STRING{PAKDD10 = {Proceedings of the 14th Pacific-Asia Conference on Knowledge Discovery and Data Mining (PAKDD), Hyderabad, India}}
@STRING{PAKDD11 = {Proceedings of the 15th Pacific-Asia Conference on Knowledge Discovery and Data Mining (PAKDD), Shenzhen, China}}
@STRING{PAKDD12 = {Proceedings of the 16th Pacific-Asia Conference on Knowledge Discovery and Data Mining (PAKDD), Kuala Lumpur, Malysia}}
@STRING{PAKDD13 = {Proceedings of the 17th Pacific-Asia Conference on Knowledge Discovery and Data Mining (PAKDD), Gold Coast, Australia}}
@STRING{PAKDD14 = {Proceedings of the 18th Pacific-Asia Conference on Knowledge Discovery and Data Mining (PAKDD), Tainan, Taiwan}}

% PAKDD - Tutorial
@STRING{PAKDD08Tut = {Tutorial at the 12th Pacific-Asia Conference on Knowledge Discovery and Data Mining (PAKDD), Osaka, Japan}}
@STRING{PAKDD09Tut = {Tutorial at the 13th Pacific-Asia Conference on Knowledge Discovery and Data Mining (PAKDD), Bangkok, Thailand}}

% Pattern Recognition Journal
@STRING{PatternRecognition = {Pattern Recognition}}

% The London, Edinburgh, and Dublin Philosophical Magazine and Journal of Science (~1900)
@STRING{PhilMagJourScience = {The London, Edinburgh, and Dublin Philosophical Magazine and Journal of Science}}

% Physics in Medicine and Biology
@STRING{PhysMedBiol = {Physics in Medicine and Biology}}

% PIV
@STRING{PIV = {Perceptual Issues in Visualization}}

% PKDD (Name did change throughout the years!) since 07: ECMLPKDDxx
@STRING{PKDD06 = {Proceedings of the 10th European Conference on Principles and Practice of Knowledge Discovery in Databases (PKDD), Berlin, Germany}}
@STRING{PKDD05 = {Proceedings of the 9th European Conference on Principles and Practice of Knowledge Discovery in Databases (PKDD), Porto, Portugal}}
@STRING{PKDD04 = {Proceedings of the 8th European Conference on Principles and Practice of Knowledge Discovery in Databases (PKDD), Pisa, Italy}}
@STRING{PKDD03 = {Proceedings of the 7th European Conference on Principles and Practice of Knowledge Discovery in Databases (PKDD), Cavtat-Dubrovnik, Croatia}}
@STRING{PKDD02 = {Proceedings of the 6th European Conference on Principles of Data Mining and Knowledge Discoverys  (PKDD), Helsinki, Finland}}
@STRING{PKDD01 = {Proceedings of the 5th European Conference on Principles of Data Mining and Knowledge Discoverys (PKDD), Freiburg, Germany}}
@STRING{PKDD00 = {Proceedings of the 4th European Conference on Principles of Data Mining and Knowledge Discoverys (PKDD), Lyon, France}}
@STRING{PKDD99 = {Proceedings of the 3rd European Conference on Principles of Data Mining and Knowledge Discovery (PKDD), Prague, Czech Republic}}
@STRING{PKDD98 = {Proceedings of the 2nd European Symposium on Principles of Data Mining and Knowledge Discovery (PKDD) (PKDD), Nantes, France}}
@STRING{PKDD97 = {Proceedings of the 1st European Symposium on Principles of Data Mining and Knowledge Discovery (PKDD), Trondheim, Norway}}

% PNAS
@STRING{PNAS = {Proceedings of the National Academy of Sciences of the United States of America}}

% International Workshop on Pattern Recognition in Information Systems
@STRING{PRIS02 = {Proceedings of the 2nd International Workshop on Pattern Recognition in Information Systems (PRIS 2002), Ciudad Real, Spain}}

%PODS
@STRING{PODS00 = {Proceedings of the 19th ACM SIGACT-SIGMOD-SIGART Symposium on Principles of Database Systems}}
@STRING{PODS99 = {Proceedings of the 18th ACM SIGACT-SIGMOD-SIGART Symposium on Principles of Database Systems}}
@STRING{PODS98 = {Proceedings of the 17th ACM SIGACT-SIGMOD-SIGART Symposium on Principles of Database Systems}}
@STRING{PODS97 = {Proceedings of the 16th ACM SIGACT-SIGMOD-SIGART Symposium on Principles of Database Systems}}

% Progress in Natural Science
@String{PNS = {Progress in Natural Science}}

% ProteinEng
@STRING{ProteinEng = {Protein Engineering}}

% Proteins: Structure, Function, and Genetics
@STRING{Proteins = {Proteins: Structure, Function, and Genetics}}

% Protein Science
@STRING{ProteinSci = {Protein Science}}

% PSB
@STRING{PSB07 = {Proceedings of the 12th Pacific Symposium on Biocomputing (PSB), Maui, HI}}
@STRING{PSB06 = {Proceedings of the 11th Pacific Symposium on Biocomputing (PSB), Maui, HI}}
@STRING{PSB03 = {Proceedings of the 8th Pacific Symposium on Biocomputing (PSB), Maui, HI}}
@STRING{PSB02 = {Proceedings of the 7th Pacific Symposium on Biocomputing (PSB), Maui, HI}}
@STRING{PSB98 = {Proceedings of the 3rd Pacific Symposium on Biocomputing (PSB), Maui, HI}}

% Psychological Review
@STRING{PsycholRev = {Psychological Review}}

% PVLDB
@STRING{PVLDB = {Proceedings of the VLDB Endowment}}

% The Quarterly of Applied Mathematics
@STRING{QAppMath = {The Quarterly of Applied Mathematics}}

% Workshop on Quality Issues, Measures of Interestingness and Evaluation of Data Mining Models (QIMIE) (PAKDD 2011)
@STRING{QIMIE11 = {Proceedings of the PAKDD Workshop on Quality Issues, Measures of Interestingness and Evaluation of Data Mining Models (QIMIE)}}

% RECOMB
@STRING{RECOMB07 = {Proceedings of the 11th Annual International Conference on Computational Molecular Biology (RECOMB), San Francisco, CA}}
@STRING{RECOMB04 = {Proceedings of the 8th Annual International Conference on Computational Molecular Biology (RECOMB), San Diego, CA}}
@STRING{RECOMB03 = {Proceedings of the 7th Annual International Conference on Computational Molecular Biology (RECOMB), Berlin, Germany}}
@STRING{RECOMB02 = {Proceedings of the 6th Annual International Conference on Computational Molecular Biology (RECOMB), Washington, DC}}
@STRING{RECOMB01 = {Proceedings of the 5th Annual International Conference on Computational Molecular Biology (RECOMB), Montreal, Canada}}
@STRING{RECOMB00 = {Proceedings of the 4th Annual International Conference on Computational Molecular Biology (RECOMB), Tokyo, Japan}}
@STRING{RECOMB99 = {Proceedings of the 3rd Annual International Conference on Computational Molecular Biology (RECOMB), Lyon, France}}
@STRING{RECOMB98 = {Proceedings of the 2nd Annual International Conference on Computational Molecular Biology (RECOMB), New York, NY}}
@STRING{RECOMB97 = {Proceedings of the 1st Annual International Conference on Computational Molecular Biology (RECOMB), Santa Fe, NM}}

% RIDEIMS
@STRING{RIDEIMS93 = {Proceedings of the 3rd International Workshop on Interoperability in Multidatabase Systems (RIDE-IMS), Vienna, Austria}}

% RSSE
@STRING{RSSE08 = {Proceedings of the 2008 International Workshop on Recommendation Systems for Software Engineering (RSSE), Atlanta, GA}}

% RTCSA
@STRING{RTCSA03 = {Proceedings of the 9th International Conference on Real-Time and Embedded Computing Systems and Applications (RTCSA), Tainan, Taiwan}}

% SAM
@STRING{SAM = {Statistical Analysis and Data Mining}}

% Symposium on Spatial Data Handling
@STRING{SDH92 = {Proceedings of the 5th International Symposium on Spatial Data Handling (SDH), Charleston, SC}}

% SecPri
@STRING{SecPri99 = {Proceedings of the 1999 IEEE Symposium on Security and Privacy, Oakland, CA}}

% FOCS
@STRING{FOCS06 = {Proceedings of the 47th Annual IEEE Symposium on Foundations of Computer Science (FOCS)}}

% SIAM / SDM
@STRING{SDM14 = {Proceedings of the 14th SIAM International Conference on Data Mining (SDM), Philadelphia, PA}}
@STRING{SDM13 = {Proceedings of the 13th SIAM International Conference on Data Mining (SDM), Texas-Austin, TX}}
@STRING{SDM12 = {Proceedings of the 12th SIAM International Conference on Data Mining (SDM), Anaheim, CA}}
@STRING{SDM11 = {Proceedings of the 11th SIAM International Conference on Data Mining (SDM), Mesa, AZ}}
@STRING{SDM10 = {Proceedings of the 10th SIAM International Conference on Data Mining (SDM), Columbus, OH}}
@STRING{SDM09 = {Proceedings of the 9th SIAM International Conference on Data Mining (SDM), Sparks, NV}}
@STRING{SDM08 = {Proceedings of the 8th SIAM International Conference on Data Mining (SDM), Atlanta, GA}}
@STRING{SDM07 = {Proceedings of the 7th SIAM International Conference on Data Mining (SDM), Minneapolis, MN}}
@STRING{SDM06 = {Proceedings of the 6th SIAM International Conference on Data Mining (SDM), Bethesda, MD}}
@STRING{SDM05 = {Proceedings of the 5th SIAM International Conference on Data Mining (SDM), Newport Beach, CA}}
@STRING{SDM04 = {Proceedings of the 4th SIAM International Conference on Data Mining (SDM), Lake Buena Vista, FL}}
@STRING{SDM03 = {Proceedings of the 3rd SIAM International Conference on Data Mining (SDM), San Francisco, CA}}
@STRING{SDM02 = {Proceedings of the 2nd SIAM International Conference on Data Mining (SDM), Arlington, VA}}
@STRING{SDM01 = {Proceedings of the 1st SIAM International Conference on Data Mining (SDM), Chicago, IL}}

@STRING{SDM10Tut = {Tutorial at the 10th SIAM International Conference on Data Mining (SDM), Columbus, OH}}

% SIAM Society for Industrial and Applied Mathematics
@STRING{SIAM = {Society for Industrial and Applied Mathematics (SIAM)}}

% SIAM Journal on Computing SICOMP
@STRING{SICOMP = {SIAM Journal on Computing}}

% SIAM Journal on Discrete Mathematics
@STRING{SJDM = {SIAM Journal on Discrete Mathematics}}

% SIAM Journal on Numerical Analysis
@STRING{SJNA = {SIAM Journal on Numerical Analysis}}

% SIAM Workshop
@String{ALENEX05 = {The Seventh Workshop on Algorithm Engineering and Experiments (ALENEX) SIAM, Vancouver, BC}}
@String{ALENEX06 = {The Eighth Workshop on Algorithm Engineering and Experiments (ALENEX) SIAM, Miami, FL}}

% SIGIR
@STRING {SIGIR10 = {Proceedings of the 33rd International Conference on Research and Development in Information Retrieval (SIGIR), Geneva, Switzerland}}
@STRING {SIGIR09 = {Proceedings of the 32nd International Conference on Research and Development in Information Retrieval (SIGIR), Boston, MA}}
@STRING {SIGIR08 = {Proceedings of the 31st International Conference on Research and Development in Information Retrieval (SIGIR), Singapore}}
@STRING {SIGIR07 = {Proceedings of the 30th International Conference on Research and Development in Information Retrieval (SIGIR), Amsterdam}}
@STRING {SIGIR03 = {Proceedings of the 26th International Conference on Research and Development in Information Retrieval (SIGIR), Toronto, Canada}}
@STRING {SIGIR01 = {Proceedings of the 24th International Conference on Research and Development in Information Retrieval (SIGIR), New Orleans, LA}}
@STRING {SIGIR99 = {Proceedings of the 22nd International Conference on Research and Development in Information Retrieval (SIGIR), Berkeley, CA}}

% WOSN
@STRING{WOSN09 = {Proceedings of the 2nd ACM SIGCOMM Workshop on Social Networks (WOSN), Barcelona, Spain}}

% LinkKDD
@STRING{LinkKDD05={Proceedings of the 3rd international workshop on Link discovery (LinkKDD), New York, NY}}

% Newsletter ACM SIGIR Forum
@STRING{SIGIRForum = {ACM SIGIR Forum}}

% SIGKDDExplorations
@STRING{SIGKDDExplorations = {ACM SIGKDD Explorations}}

% SIGMETRIC
@STRING{SIGMETRIC10 = {Proceedings of the ACM International Conference on Performance Evaluation (SIGMETRICS)}}

% SIGMOD
@STRING{SIGMOD15 = {Proceedings of the 2015 ACM International Conference on Management of Data (SIGMOD), Melbourne, VIC, Australia}}
@STRING{SIGMOD14 = {Proceedings of the 2014 ACM International Conference on Management of Data (SIGMOD), Snowbird, UT}}
@STRING{SIGMOD13 = {Proceedings of the 2013 ACM International Conference on Management of Data (SIGMOD), New York, NY}}
@STRING{SIGMOD12 = {Proceedings of the 2012 ACM International Conference on Management of Data (SIGMOD), Scottsdale, AZ}}
@STRING{SIGMOD11 = {Proceedings of the 2011 ACM International Conference on Management of Data (SIGMOD), Athens, Greece}}
@STRING{SIGMOD10 = {Proceedings of the 2010 ACM International Conference on Management of Data (SIGMOD), Indianapolis, IN}}
@STRING{SIGMOD09 = {Proceedings of the 2009 ACM International Conference on Management of Data (SIGMOD), Providence, RI}}
@STRING{SIGMOD08 = {Proceedings of the 2008 ACM International Conference on Management of Data (SIGMOD), Vancouver, BC}}
@STRING{SIGMOD07 = {Proceedings of the 2007 ACM International Conference on Management of Data (SIGMOD), Beijing, China}}
@STRING{SIGMOD06 = {Proceedings of the 2006 ACM International Conference on Management of Data (SIGMOD), Chicago, IL}}
@STRING{SIGMOD05 = {Proceedings of the 2005 ACM International Conference on Management of Data (SIGMOD), Baltimore, ML}}
@STRING{SIGMOD04 = {Proceedings of the 2004 ACM International Conference on Management of Data (SIGMOD), Paris, France}}
@STRING{SIGMOD03 = {Proceedings of the 2003 ACM International Conference on Management of Data (SIGMOD), San Diego, CA}}
@STRING{SIGMOD02 = {Proceedings of the 2002 ACM International Conference on Management of Data (SIGMOD), Madison, WI}}
@STRING{SIGMOD01 = {Proceedings of the 2001 ACM International Conference on Management of Data (SIGMOD), Santa Barbara, CA}}
@STRING{SIGMOD00 = {Proceedings of the 2000 ACM International Conference on Management of Data (SIGMOD), Dallas, TX}}
@STRING{SIGMOD99 = {Proceedings of the 1999 ACM International Conference on Management of Data (SIGMOD), Philadelphia, PA}}
@STRING{SIGMOD98 = {Proceedings of the 1998 ACM International Conference on Management of Data (SIGMOD), Seattle, WA}}
@STRING{SIGMOD97 = {Proceedings of the 1997 ACM International Conference on Management of Data (SIGMOD), Tucson, AZ}}
@STRING{SIGMOD96 = {Proceedings of the 1996 ACM International Conference on Management of Data (SIGMOD), Montreal, Canada}}
@STRING{SIGMOD95 = {Proceedings of the 1995 ACM International Conference on Management of Data (SIGMOD), San Jose, CA}}
@STRING{SIGMOD94 = {Proceedings of the 1994 ACM International Conference on Management of Data (SIGMOD), Minneapolis, MN}}
@STRING{SIGMOD93 = {Proceedings of the 1993 ACM International Conference on Management of Data (SIGMOD), Washington, DC}}
@STRING{SIGMOD92 = {Proceedings of the 1992 ACM International Conference on Management of Data (SIGMOD), San Diego, CA}}
@STRING{SIGMOD91 = {Proceedings of the 1991 ACM International Conference on Management of Data (SIGMOD), Denver, CO}}
@STRING{SIGMOD90 = {Proceedings of the 1990 ACM International Conference on Management of Data (SIGMOD), Atlantic City, NJ}}
@STRING{SIGMOD89 = {Proceedings of the 1989 ACM International Conference on Management of Data (SIGMOD), Portland, OR}}
@STRING{SIGMOD88 = {Proceedings of the 1988 ACM International Conference on Management of Data (SIGMOD), Chicago, IL}}
@STRING{SIGMOD87 = {Proceedings of the 1987 ACM International Conference on Management of Data (SIGMOD), San Francisco, CA}}
@STRING{SIGMOD86 = {Proceedings of the ACM International Conference on Management of Data (SIGMOD), Washington, DC}}
@STRING{SIGMOD85 = {Proceedings of the ACM International Conference on Management of Data (SIGMOD), Austin, TX}}
@STRING{SIGMOD84 = {Proceedings of the ACM International Conference on Management of Data (SIGMOD), Boston, MA}}
@STRING{SIGMOD83 = {Proceedings of the ACM International Conference on Management of Data (SIGMOD), San Jose, CA}}
@STRING{SIGMOD82 = {Proceedings of the ACM International Conference on Management of Data (SIGMOD), Orlando, FL}}
@STRING{SIGMOD81 = {Proceedings of the ACM International Conference on Management of Data (SIGMOD), Ann Arbor, MI}}
@STRING{SIGMOD80 = {Proceedings of the ACM International Conference on Management of Data (SIGMOD), Santa Monica, CA}}
@STRING{SIGMOD79 = {Proceedings of the ACM International Conference on Management of Data (SIGMOD), Boston, MA}}
@STRING{SIGMOD78 = {Proceedings of the ACM International Conference on Management of Data (SIGMOD), Austin, TX}}
@STRING{SIGMOD77 = {Proceedings of the ACM International Conference on Management of Data (SIGMOD), Toronto, Canada}}
@STRING{SIGMOD76 = {Proceedings of the ACM International Conference on Management of Data (SIGMOD), Washington, DC}}
@STRING{SIGMOD75 = {Proceedings of the ACM International Conference on Management of Data (SIGMOD), San Jose, CA}}

% SIGMOD RECORD
@STRING{SIGMODREC = {ACM SIGMOD Record}}

% Signal Processing
@STRING{SignalProcessing = {Signal Processing}}

% Symposium Informatik für den Umweltschutz
@STRING{SIU90 = {Proceedings of the 5th International Symposium on Informatik für den Umweltschutz, Vienna, Austria}}

% SMA
@STRING{SMA93 = {Proceedings of the 2nd ACM Symposium on Solid Modeling Foundations and CAD/CAM Applications (SMA), Montreal, Canada}}

% SODA
@STRING{SODA98 = {Proceedings of the 5th Annual ACM-SIAM Symposium on Discrete Algorithms (SODA), San Francisco, CA }}
@STRING{SODA94 = {Proceedings of the 5th Annual ACM-SIAM Symposium on Discrete Algorithms (SODA), Arlington, VA}}
@STRING{SODA93 = {Proceedings of the 4th Annual ACM/SIGACT-SIAM Symposium on Discrete Algorithms (SODA), Austin, TX}}
@STRING{SODA03 = {Proceedings of the 14th Annual ACM-SIAM Symposium on Discrete Algorithms (SODA), Baltimore, MD}}
@STRING{SODA02 = {Proceedings of the 13th Annual ACM-SIAM Symposium on Discrete Algorithms (SODA), San Francisco, CA}}
@STRING{SODA01 = {Proceedings of the 12th Annual ACM-SIAM Symposium on Discrete Algorithms (SODA), Washington, DC}}

% SPIE
@STRING{SPIE01 = {Proceedings of the Storage and Retrieval for Media Databases (SPIE), San Jose, CA}}
@STRING{SPIE93 = {Proceedings of the Storage and Retrieval for Media Databases (SPIE), San Jose, CA}}
@STRING{SPIEMED09 = {Proceedings of the SPIE Medical Imaging 2009 Conference (SPIE), Lake Buena Vista, FL}}
@STRING{SPIEMED10 = {Proceedings of the SPIE Medical Imaging 2010: Image Processing (SPIE), San Diego, CA}}
@STRING{SPIEMED11 = {Proceedings of the SPIE Medical Imaging 2011: Image Processing (SPIE), Lake Buena Vista, FL}}
% SPIE Medical Imaging: Advanced PACS-based Imaging Informatics and Therapeutic Applications
@STRING{SPIEMEDPACS11 = {Proceedings of the SPIE Medical Imaging Conference 2011: Advanced PACS-based Imaging Informatics and Therapeutic Applications, Lake Buena Vista, FL}}

% Springer Verlag
@STRING{Springer = {Springer}}

% SRL
@STRING{SRL06 = {Proceedings of the Workshop on Statistical Relational Learning (SRL) at the 23rd International Conference on Machine Learning (ICML), Pittsburgh, PA}}

% SSD/SSTD
@STRING{SSTD11 = {Proceedings of the 12th International Symposium on Spatial and Temporal Databases (SSTD), Minneapolis, MN}}
@STRING{SSTD09 = {Proceedings of the 11th International Symposium on Spatial and Temporal Databases (SSTD), Aalborg, Denmark}}
@STRING{SSTD07 = {Proceedings of the 10th International Symposium on Spatial and Temporal Databases (SSTD), Boston, MA}}
@STRING{SSTD05 = {Proceedings of the 9th International Symposium on Spatial and Temporal Databases (SSTD), Angra dos Reis, Brazil}}
@STRING{SSTD03 = {Proceedings of the 8th International Symposium on Spatial and Temporal Databases (SSTD), Santorini Island, Greece}}
@STRING{SSTD01 = {Proceedings of the 7th International Symposium on Spatial and Temporal Databases (SSTD), Redondo Beach, CA}}
@STRING{SSD99 = {Proceedings of the 6th International Symposium on Large Spatial Databases (SSD), Hong-Kong}}
@STRING{SSD97 = {Proceedings of the 5th International Symposium on Large Spatial Databases (SSD), Berlin, Germany}}
@STRING{SSD95 = {Proceedings of the 4th International Symposium on Large Spatial Databases (SSD), Portland, ME}}
@STRING{SSD93 = {Proceedings of the 3rd International Symposium on Large Spatial Databases (SSD), Singapore}}
@STRING{SSD91 = {Proceedings of the 2nd International Symposium on Large Spatial Databases (SSD), Zurich, Switzerland}}
@STRING{SSD89 = {Proceedings of the 1st International Symposium on Large Spatial Databases (SSD), Santa Barbara, CA}}

% SSDBM
@STRING{SSDBM11 = {Proceedings of the 23rd International Conference on Scientific and Statistical Database Management (SSDBM), Portland, OR}}
@STRING{SSDBM10 = {Proceedings of the 22nd International Conference on Scientific and Statistical Database Management (SSDBM), Heidelberg, Germany}}
@STRING{SSDBM09 = {Proceedings of the 21st International Conference on Scientific and Statistical Database Management (SSDBM), New Orleans, LA}}
@STRING{SSDBM08 = {Proceedings of the 20th International Conference on Scientific and Statistical Database Management (SSDBM), Hong Kong, China}}
@STRING{SSDBM07 = {Proceedings of the 19th International Conference on Scientific and Statistical Database Management (SSDBM), Banff, Canada}}
@STRING{SSDBM06 = {Proceedings of the 18th International Conference on Scientific and Statistical Database Management (SSDBM), Vienna, Austria}}
@STRING{SSDBM05 = {Proceedings of the 17th International Conference on Scientific and Statistical Database Management (SSDBM), Santa Barbara, CA}}
@STRING{SSDBM04 = {Proceedings of the 16th International Conference on Scientific and Statistical Database Management (SSDBM), Santorini Island, Greece}}
@STRING{SSDBM03 = {Proceedings of the 15th International Conference on Scientific and Statistical Database Management (SSDBM), Cambridge, MA}}
@STRING{SSDBM02 = {Proceedings of the 14th International Conference on Scientific and Statistical Database Management (SSDBM), Edinburgh, Scotland}}

% SSTD
% siehe SSD

% Statistics Journal
@STRING{Statistics = {Statistics}}

% Statistics & Probability Letters
@STRING{StatisticsProbabilityLetters = {Statistics \& Probability Letters}}

% Stat Methods Med Res
@STRING{StatMethodsMedRes = {Statistical Methods in Medical Research}}

% STEP
@STRING{STEP99 = {Proceedings of the International Workshop on Software Technology and Engineering Practice (STEP), Pittsburgh, PA}}

% STOC
@STRING{STOC98 = {Proceedings of the thirtieth annual ACM symposium on Theory of computing (STOC), Dallas, TX}}

% StreamKDD
@STRING{StreamKDD10 = {{StreamKDD'10} - 1st International Workshop on Novel Data Stream Pattern Mining Techniques Held in Conjunction with KDD 2010, Washington, DC}}

% Transactions of the American Mathematical Society
@STRING{TAMS = {Transactions of the American Mathematical Society}}

% Technometrics
@STRING{Technometrics = {Technometrics}}

% Theoretical Computer Science (TCS)
@STRING{TCS = {Theoretical Computer Science}}

% IEEE/ACM Transactions on Computational Biology and Bioinformatics
@STRING{TCBB = {IEEE/ACM Transactions on Computational Biology and Bioinformatics}}

% ACM Transactions on Programming Languages and Systems
@STRING{TOPLAS = {ACM Transactions on Programming Languages and Systems}}

% ACM Transactions on Knowledge Discovery from Data
@STRING{TKDD = {ACM Transactions on Knowledge Discovery from Data}}

% ACM Transactions on Database Systems (TODS)
@STRING{TODS = {ACM Transactions on Database Systems (TODS)}}

% ACM Transactions on Information Systems (TOIS)
@STRING{TOIS = {ACM Transactions on Information Systems (TOIS)}}

% The American Journal of Psychology
@STRING{AmerJPsychol = {The American Journal of Psychology}}

% The Computer Journal
@STRING{ComputJ = {The Computer Journal}}

% Trends in Biochemical Sciences
@STRING{TrendsBiochemSci = {Trends in Biochemical Sciences}}

% TrendsCellBiol
@String{TrendsCellBiol = {Trends in Cell Biology}}

% UAI
@STRING{UAI06 = {Proceedings of the 22nd International Conference on Uncertainty in Artificial Intelligence (UAI), Cambridge, MA}}
@STRING{UAI93 = {Proceedings of the 9th International Conference on Uncertainty in Artificial Intelligence (UAI)}}
@STRING{UAI96 = {Proceedings of the 12th International Conference on Uncertainty in Artificial Intelligence (UAI), Portland, OR}}

%ICIAR
@STRING{ICIAR08={Proceedings of the 5th international conference on Image Analysis and Recognition (ICIAR)}}

% VDB
@STRING{VDB95 = {Proceedings of the 3rd IFIP 2.6 Working Conference on Visual Database Systems (VDB), Lausanne, Switzerland}}

% BMJ
@STRING{BMJ = {British Medical Journal}}

% VDM Verlag Dr. Müller Aktiengesellschaft und Co. KG
@String{VDM = {VDM Verlag Dr.\ M\"{u}ller}}

% VDM
@STRING{VDM03 = {Proceedings of the 3rd International Workshop on Visual Data Mining (VDM), Melbourne, FL}}

% Vistas in Astronomy
@STRING{VIA = {Vistas in Astronomy}}

% VIS
@STRING{VIS96 = {Proceedings of the IEEE Visualization Conference (VIS), San Francisco, CA}}
@STRING{VIS95 = {Proceedings of the IEEE Visualization Conference (VIS), Atlanta, GA}}
@STRING{VIS93 = {Proceedings of the IEEE Visualization Conference (VIS), San Jose, CA}}
@STRING{VIS92 = {Proceedings of the IEEE Visualization Conference (VIS), Boston, MA}}

% VIS Workshop
@STRING{VIS95WS = {Proceedings of the IEEE Visualization Workshop on Database Issues for Data Visualization (VIS), Atlanta, GA}}
@STRING{VIS93WS = {Proceedings of the IEEE Visualization Workshop on Database Issues for Data Visualization (VIS), San Jose, CA}}

% VLDB
@STRING{VLDB11 = {Proceedings of the 37nd International Conference on Very Large Data Bases (VLDB), Seattle, WA}}
@STRING{VLDB10 = {Proceedings of the 36nd International Conference on Very Large Data Bases (VLDB), Singapore}}
@STRING{VLDB09 = {Proceedings of the 35nd International Conference on Very Large Data Bases (VLDB), Lyon, France}}
@STRING{VLDB08 = {Proceedings of the 34nd International Conference on Very Large Data Bases (VLDB), Auckland, New Zealand}}
@STRING{VLDB07 = {Proceedings of the 33nd International Conference on Very Large Data Bases (VLDB), Vienna, Austria}}
@STRING{VLDB06 = {Proceedings of the 32nd International Conference on Very Large Data Bases (VLDB), Seoul, Korea}}
@STRING{VLDB05 = {Proceedings of the 31st International Conference on Very Large Data Bases (VLDB), Trondheim, Norway}}
@STRING{VLDB04 = {Proceedings of the 30th International Conference on Very Large Data Bases (VLDB), Toronto, Canada}}
@STRING{VLDB03 = {Proceedings of the 29th International Conference on Very Large Data Bases (VLDB), Berlin, Germany}}
@STRING{VLDB02 = {Proceedings of the 28th International Conference on Very Large Data Bases (VLDB), Hong Kong, China}}
@STRING{VLDB01 = {Proceedings of the 27th International Conference on Very Large Data Bases (VLDB), Roma, Italy}}
@STRING{VLDB00 = {Proceedings of the 26th International Conference on Very Large Data Bases (VLDB), Cairo, Egypt}}
@STRING{VLDB99 = {Proceedings of the 25th International Conference on Very Large Data Bases (VLDB), Edinburgh, Scotland}}
@STRING{VLDB98 = {Proceedings of the 24th International Conference on Very Large Data Bases (VLDB), New York City, NY}}
@STRING{VLDB97 = {Proceedings of the 23rd International Conference on Very Large Data Bases (VLDB), Athens, Greece}}
@STRING{VLDB96 = {Proceedings of the 22nd International Conference on Very Large Data Bases (VLDB), Bombay, India}}
@STRING{VLDB95 = {Proceedings of the 21st International Conference on Very Large Data Bases (VLDB), Zurich, Switzerland}}
@STRING{VLDB94 = {Proceedings of the 20th International Conference on Very Large Data Bases (VLDB), Santiago de Chile, Chile}}
@STRING{VLDB93 = {Proceedings of the 19th International Conference on Very Large Data Bases (VLDB), Dublin, Ireland}}
@STRING{VLDB92 = {Proceedings of the 18th International Conference on Very Large Data Bases (VLDB), Vancouver, BC}}
@STRING{VLDB91 = {Proceedings of the 17th International Conference on Very Large Data Bases (VLDB), Barcelona, Spain}}
@STRING{VLDB90 = {Proceedings of the 16th International Conference on Very Large Data Bases (VLDB), Brisbane, Australia}}
@STRING{VLDB89 = {Proceedings of the 15th International Conference on Very Large Data Bases (VLDB), Amsterdam, The Netherlands}}
@STRING{VLDB88 = {Proceedings of the 14th International Conference on Very Large Data Bases (VLDB), Los Angeles, CA}}
@STRING{VLDB87 = {Proceedings of the 13th International Conference on Very Large Data Bases (VLDB), Brighton, UK}}
@STRING{VLDB86 = {Proceedings of the 12th International Conference on Very Large Data Bases (VLDB), Kyoto, Japan}}
@STRING{VLDB85 = {Proceedings of the 11th International Conference on Very Large Data Bases (VLDB), Stockholm, Sweden}}
@STRING{VLDB84 = {Proceedings of the 10th International Conference on Very Large Data Bases (VLDB), Singapore}}
@STRING{VLDB83 = {Proceedings of the 9th International Conference on Very Large Data Bases (VLDB), Florence, Italy}}
@STRING{VLDB82 = {Proceedings of the 8th International Conference on Very Large Data Bases (VLDB), Mexico City, Mexico}}
@STRING{VLDB81 = {Proceedings of the 7th International Conference on Very Large Data Bases (VLDB), Cannes, France}}
@STRING{VLDB80 = {Proceedings of the 6th International Conference on Very Large Data Bases (VLDB), Montreal, Canada}}
@STRING{VLDB79 = {Proceedings of the 5th International Conference on Very Large Data Bases (VLDB), Rio de Janeiro, Brazil}}
@STRING{VLDB78 = {Proceedings of the 4th International Conference on Very Large Data Bases (VLDB), West Berlin, Germany}}
@STRING{VLDB77 = {Proceedings of the 3rd International Conference on Very Large Data Bases (VLDB), Tokyo, Japan}}
@STRING{VLDB76 = {Proceedings of the 2nd International Conference on Very Large Data Bases (VLDB), Brussels, Belgium}}
@STRING{VLDB75 = {Proceedings of the 1st International Conference on Very Large Data Bases (VLDB), Framingham, MA}}
@STRING{VLDBJournal = {The VLDB Journal}}

% VLDB Tutorial
@STRING{VLDB08Tut = {Tutorial at the 34nd International Conference on Very Large Data Bases (VLDB), Auckland, New Zealand}}

% WAIM
@STRING{WAIM05 = {Proceedings of the 6th International Conference on Advances in Web-Age Information Management (WAIM), Hangzhou, China}}

% Wiley Interdisciplinary Reviews: Computational Statistics
@STRING{WIREsCS = {Wiley Interdisciplinary Reviews: Computational Statistics}}
% Wiley Interdisciplinary Reviews: Data Mining and Knowledge Discovery
@STRING{WIREsDM = {Wiley Interdisciplinary Reviews: Data Mining and Knowledge Discovery}}

% John Wiley\&Sons
@STRING{WILEY = {John Wiley\&Sons}}

% WIRN / NAIS
@STRING{WIRNNAIS05 = {16th Italian Workshop on Neural Nets (WIRN), and International Workshop on Natural and Artificial Immune Systems (NAIS), Vietri sul Mare, Italy}}

@STRING{WorkshopICDE08DBRank = {Proceedings of the 24th International Conference on Data Engineering (ICDE) Workshop on Ranking in Databases (DBRank), Cancun, Mexico}}
@STRING{WorkshopICDE10DBRank = {Proceedings of the 26th International Conference on Data Engineering (ICDE) Workshop on Ranking in Databases (DBRank), Long Beach, CA}}

@STRING{WorkshopICML00Attribute-Value = {Proceedings of the 7th International Conference on Machine Learning (ICML) Workshop on Attribute-Value and Relational Learning, Stanford, CA}}
@STRING{WorkshopICML03ContinuumLabeledUnlabeled  = {Proceedings of the 20th International Conference on Machine Learning (ICML) Workshop on the Continuum from Labeled to Unlabeled Data in Machine Learning and Data Mining, Washington, DC}}
@STRING{WorkshopICML05Multiple-Views  = {Proceedings of the 22th International Conference on Machine Learning (ICML) Workshop on Learning with Multiple Views, Bonn, Germany}}
@STRING{WorkshopICML11global  = {Proceedings of the 28th International Conference on Machine Learning (ICML) Workshop on Learning for Global Challenges, Bellevue, Washington, WA}}

@STRING{WorkshopPAKDD09OSDM = {Proceedings of the 1st Open Source in Data Mining Workshop (OSDM 2009) in conjunction with 13th Pacific-Asia Conference on Knowledge Discovery and Data Mining (PAKDD), Bangkok, Thailand}}

% WWW
@STRING{WWW19 = {Proceedings of the 28th International Conference on World Wide Web (WebConf), San Francisco, CA}}
@STRING{WWW18 = {Proceedings of the 27th International Conference on World Wide Web (WWW), Lyon, France}}
@STRING{WWW17 = {Proceedings of the 26th International Conference on World Wide Web (WWW), Perth, Australia}}
@STRING{WWW16 = {Proceedings of the 25th International Conference on World Wide Web (WWW), Montreal, Canada}}
@STRING{WWW15 = {Proceedings of the 24th International Conference on World Wide Web (WWW), Florence, Italy}}
@STRING{WWW14 = {Proceedings of the 23rd International Conference on World Wide Web (WWW), Seoul, Korea}}
@STRING{WWW13 = {Proceedings of the 22nd International Conference on World Wide Web (WWW), Rio de Janeiro, Brazil}}
@STRING{WWW12 = {Proceedings of the 21st International Conference on World Wide Web (WWW), Lyon, France}}
@STRING{WWW11 = {Proceedings of the 19th International Conference on World Wide Web (WWW), Hyderabad, India}}
@STRING{WWW10 = {Proceedings of the 19th International Conference on World Wide Web (WWW), Raleigh, NC}}
@STRING{WWW07 = {Proceedings of the 16th International Conference on World Wide Web (WWW), Alberta, Canada}}
@STRING{WWW04 = {Proceedings of the 13th International Conference on World Wide Web (WWW), New York, NY}}
@STRING{WWW98 = {Proceedings of the 7th International Conference on World Wide Web (WWW), Brisbane, Australia}}

% WWW Workshop
@STRING{MTW06={Proceedings of the Workshop Models of Trust for the Web (MTW) at the 15th International World Wide Web Conference (WWW), Edinburgh, Scotland}}




@STRING{IEEECSE11 = {Proceedings of the 14th IEEE International Conference on Computational Science and Engineering (CSE)}}

@STRING{IV09 = {Proceedings of the 13th International Conference on Information Visualization}}
@STRING{IJM3AS={International Journal of Mathematical Models and Methods in Applied Sciences}}
@STRING{RecSys11={Proceedings of the fifth ACM conference on Recommender systems}}

% ICWSM
@STRING{ICWSM13={Proceedings of the 7th International AAAI Conference on Weblogs and Social Media (ICWSM)}}
@STRING{ICWSM12={Proceedings of the 6th International AAAI Conference on Weblogs and Social Media (ICWSM)}}


@STRING{CSIIRW13={Proceedings of the 9th Annual Cyber Security and Information Intelligence Research Workshop (CSIIRW)}}
@STRING{CSIIRW12={Proceedings of the 8th Annual Cyber Security and Information Intelligence Research Workshop (CSIIRW)}}
@STRING{CSIIRW11={Proceedings of the 7th Annual Cyber Security and Information Intelligence Research Workshop (CSIIRW)}}
@STRING{CSIIRW10={Proceedings of the 6th Annual Cyber Security and Information Intelligence Research Workshop (CSIIRW)}}
@STRING{CSIIRW09={Proceedings of the 5th Annual Cyber Security and Information Intelligence Research Workshop (CSIIRW)}}
@STRING{CSIIRW08={Proceedings of the 4th Annual Cyber Security and Information Intelligence Research Workshop (CSIIRW)}}
@STRING{CSIIRW07={Proceedings of the 3rd Annual Cyber Security and Information Intelligence Research Workshop (CSIIRW)}}
@STRING{CSIIRW06={Proceedings of the 2nd Annual Cyber Security and Information Intelligence Research Workshop (CSIIRW)}}
@STRING{CSIIRW05={Proceedings of the 1st Annual Cyber Security and Information Intelligence Research Workshop (CSIIRW)}}


@STRING{PCI12={Proceedings of the 16th Panhellenic Conference on Informatics}}

@STRING{PASSAT={International Conference on Privacy, Security, Risk and Trust (SocialCom/PASSAT)}}

@STRING{WIAMIS08={9th International Workshop on Image Analysis for Multimedia Interactive Services}}

@STRING{ASONAM13={IEEE/ACM International Conference on Advances in Social Networks Analysis and Mining (ASONAM), Niagara Falls, Canada}}
@STRING{ASONAM11={IEEE/ACM International Conference on Advances in Social Networks Analysis and Mining (ASONAM)}}

% ACL
@STRING{ACL12 = {Proceedings of the 50th Annual Meeting of the Association for Computational Linguistics (ACL), Jeju Island, Korea}} 
@STRING{ACL11 = {Proceedings of the 49th Annual Meeting of the Association for Computational Linguistics (ACL), Portland, OR}} 


@STRING{WebSci12 = {Proceedings of the ACM Conference on Web Science, Evanston, IL}}

% WSDM
@STRING{WSDM20={Proceeding of the 13th ACM International Conference on Web Search and Data Mining (WSDM), Houston, TX}}
@STRING{WSDM19={Proceeding of the 12th ACM International Conference on Web Search and Data Mining (WSDM), Melbourne, Australia}}}
@STRING{WSDM18={Proceeding of the 11th ACM International Conference on Web Search and Data Mining (WSDM), Marina Del Rey, CA}}
@STRING{WSDM17={Proceeding of the 10th ACM International Conference on Web Search and Data Mining (WSDM), Cambridge, UK}}
@STRING{WSDM16={Proceeding of the 9th ACM International Conference on Web Search and Data Mining (WSDM), San Francisco, CA}}

@STRING{WSDM13={Proceeding of the 6th ACM International Conference on Web Search and Data Mining (WSDM), Rome, Italy}}
@STRING{WSDM08={Proceeding of the 1st ACM International Conference on Web Search and Data Mining (WSDM), Seattle, WA}}


% AIRWeb
@STRING{AIRWeb06 = {Proceedings of the 2nd International Workshop on Adversarial IR on the Web at the 29th International Conference on Research and Development in Information Retrieval (SIGIR), Seattle, WA}}

% MASCOTS
@STRING{MASCOTS12={Proceedings of the IEEE 20TH INTERNATIONAL SYMPOSIUM ON MODELING, ANALYSIS AND SIMULATION OF COMPUTER AND TELECOMMUNICATION SYSTEMS, Arlington, VA}}
@STRING{MASCOTS01={Proceedings of the IEEE 9th International Symposium on Modeling, Analysis and Simulation of Computerand Telecommunication Systems,Cincinnati, OH}}

% UAI
@STRING{UAI02={Proceedings of the 18th Conference on Uncertainty in Artificial Intelligence (UAI), Alberta,Canada}}

% ACM TIST
@STRING{TIST={ACM Transactions on Intelligent Systems and Technology}}

% IEEE DAC
@STRING{DAC99={Proceedings of the IEEE 36th Conference on Design Automation Conference (DAC), New Orleans, LA}}

% CEAS
Second Conference on Email and Anti-Spam
@STRING{CEAS04={Proceedings of the 1st Conference on Email and Anti-Spam, Mountain View, CA}}
@STRING{CEAS05={Proceedings of the 2nd Conference on Email and Anti-Spam, Stanford University, CA}}
@STRING{CEAS06={Proceedings of the 3rd Conference on Email and Anti-Spam, Mountain View, CA}}

% Physical Review
@STRING{PhysRev={Physical Review}}

% IJPRAI
@STRING{IJPRAI={International Journal of Pattern Recognition and Artificial Intelligence}}

% OSDI
@STRING{OSDI04={Proceedings of the 6th Symposium on Operating Systems Design and Implementation, San Francisco, CA}}

% KCAP
@STRING{KCAP17 = {Proceedings of the 9th Knowledge Capture Conference, K-CAP 2017, Austin, TX}}
