%%% Short versions of book and journal titles
%% sync the opposite file whenever you add something!

% AAAI
@STRING{AAAI10 = {AAAI}}

% Academic Radiology
@STRING{AcadRadiol = {Acad Radiol}}
% ACM Computing Surveys
@STRING{CSUR = {ACM CSUR}}

% ACM GIS
@STRING{ACMGIS10 = {ACM GIS}}
@STRING{ACMGIS09 = {ACM GIS}}
@STRING{ACMGIS08 = {ACM GIS}}
@STRING{ACMGIS07 = {ACM GIS}}
@STRING{ACMGIS06 = {ACM GIS}}
@STRING{ACMGIS05 = {ACM GIS}}
@STRING{ACMGIS04 = {ACM GIS}}
@STRING{ACMGIS03 = {ACM GIS}}
@STRING{ACMGIS02 = {ACM GIS}}
@STRING{ACMGIS01 = {ACM GIS}}
@STRING{ACMGIS00 = {ACM GIS}}
@STRING{ACMGIS99 = {ACM GIS}}
@STRING{ACMGIS98 = {ACM GIS}}
@STRING{ACMGIS97 = {ACM GIS}}
@STRING{ACMGIS96 = {ACM GIS}}
@STRING{ACMGIS95 = {ACM GIS}}
@STRING{ACMGIS94 = {ACM GIS}}
@STRING{ACMGIS93 = {ACM GIS}}

% ACM MM
@STRING{ACMMM05 = {ACM MM}}
@STRING{ACMMM03 = {ACM MM}}

% ACM SAC
@STRING{ACMSAC07 = {ACM SAC}}
@STRING{ACMSAC06 = {ACM SAC}}
@STRING{ACMSAC05 = {ACM SAC}}
@STRING{ACMSAC04 = {ACM SAC}}
@STRING{ACMSAC03 = {ACM SAC}}
@STRING{ACMSAC02 = {ACM SAC}}
@STRING{ACMSAC01 = {ACM SAC}}
@STRING{ACMSAC00 = {ACM SAC}}
@STRING{ACMSAC99 = {ACM SAC}}
@STRING{ACMSAC98 = {ACM SAC}}
@STRING{ACMSAC97 = {ACM SAC}}
@STRING{ACMSAC96 = {ACM SAC}}
@STRING{ACMSAC95 = {ACM SAC}}
@STRING{ACMSAC94 = {ACM SAC}}
@STRING{ACMSAC93 = {ACM SAC}}

% ADC
@STRING{ADC98 = {ADC}}

% Acta Informatica
@STRING{ACTAINF = {Acta Inf.}}

%ADL
@STRING{ADL00 = {ADL}}

% AFP
@STRING{AFP05 = {AFP at ISMB}}

% AISTATS
@STRING{AISTATS07 = {AISTATS}}

% The Americal Statistician
@STRING{AmericanStatistician = {Amer.\ Statistician}}

% Annals of Mathematical Statistics
@STRING{AnnalsMathStat = {Annals Math.\ Stat.}}

% Annals of Probability
@STRING{AnnalsProb = {Annals Prob.}}

% Annals of Statistics
@STRING{AnnalsStatistics = {Annals Stat.}}

% Annual Review of Psychology
@STRING{AnnRevPsy = {Ann. Rev. Psych.}}

% APBC
@STRING{APBC06 = {APBC}}
@STRING{APBC08 = {APBC}}

% ArtifIntellRev (Artificial Intelligence Review)
@STRING{ArtifIntellRev = {Artif.\ Intell.\ Rev.}}

% ASIST Journal of the American Society for Information Science and Technology
@STRING{ASIST = {ASIS\&T}}

% ASONAM
@STRING{ASONAM12 = {ASONAM}}

% The Astronomical Journal
@STRING{AstronomicalJournal = {Astronomical Journal}}

% ATRB
@STRING{ATRB03 = {ATRB}}

% Automatica
@STRING{Automatica = {Automatica}}

% Bioinformatics
@STRING{Bioinformatics = {Bioinformatics}}

% Biomedical Informatics
@STRING{BioMedInf = {Biomed. Inf.}}

% Biometrika
@STRING{Biometrika = {Biometrika}}

% Biometrics
@STRING{Biometrics = {Biometrics}}

% Blackwell Synergy publisher
@STRING{BlackwellSynergy = {Blackwell Synergy}}

% BMBF
@STRING{BMBF95 = {BMBF}}

% BMC Bioinformatics
@STRING{BMCBioinformatics = {BMC Bioinformatics}}

% BMT �sterreichische Gesellschaft für Biomedizinische Technik / Austrian Society for Biomedical Engineering
@String{BMT10 = {BMT}}

@STRING{BSMSP = {Berkeley Symp. Math. Stat. Prob.}}

% BTW
@STRING{BTW07 = {BTW}}
@STRING{BTW05 = {BTW}}
@STRING{BTW03 = {BTW}}
@STRING{BTW01 = {BTW}}
@STRING{BTW99 = {BTW}}
@STRING{BTW97 = {BTW}}
@STRING{BTW95 = {BTW}}
@STRING{BTW93 = {BTW}}
@STRING{BTW91 = {BTW}}
@STRING{BTW89 = {BTW}}
@STRING{BTW87 = {BTW}}
@STRING{BTW85 = {BTW}}

% Conference of the Centre for Advanced Studies on Collaborative research
@STRING{CASCON97={CASCON}}

% CEC Congress on Evolutionary Computation
@STRING{CEC02 = {CEC}}

% ChemBioInfoJ
@String{ChemBioInfoJ = {Chem-Bio Info.\ J.}}

% CIBCB
@STRING{CIBCB04 = {CIBCB}}

% CIDM
@STRING{CIDM07 = {CIDM}}

% CIKM
@STRING{CIKM19 = {CIKM}}
@STRING{CIKM18 = {CIKM}}
@STRING{CIKM17 = {CIKM}}
@STRING{CIKM16 = {CIKM}}
@STRING{CIKM15 = {CIKM}}
@STRING{CIKM14 = {CIKM}}
@STRING{CIKM13 = {CIKM}}
@STRING{CIKM12 = {CIKM}}
@STRING{CIKM11 = {CIKM}}
@STRING{CIKM10 = {CIKM}}
@STRING{CIKM09 = {CIKM}}
@STRING{CIKM08 = {CIKM}}
@STRING{CIKM07 = {CIKM}}
@STRING{CIKM06 = {CIKM}}
@STRING{CIKM05 = {CIKM}}
@STRING{CIKM04 = {CIKM}}
@STRING{CIKM03 = {CIKM}}
@STRING{CIKM02 = {CIKM}}
@STRING{CIKM01 = {CIKM}}
@STRING{CIKM00 = {CIKM}}
@STRING{CIKM99 = {CIKM}}
@STRING{CIKM98 = {CIKM}}
@STRING{CIKM97 = {CIKM}}
@STRING{CIKM96 = {CIKM}}
@STRING{CIKM95 = {CIKM}}
@STRING{CIKM94 = {CIKM}}
@STRING{CIKM93 = {CIKM}}
@STRING{CIKM92 = {CIKM}}

% CIVR
@STRING{CIVR04 = {CIVR}}
@STRING{CIVR09 = {CIVR}}

% COLT
@STRING{COLT92 = {COLT}}
@STRING{COLT98 = {COLT}}

% Communications of the ACM
@STRING{CommunicationsACM = {Commun.\ ACM}}

% Communications on Pure and Applied Mathematics
@STRING{ComPAM = {Commun Pure Appl Math}}

% Communications in Statistics - Simulation and Computation
@STRING{CommunStatistSimula = {Commun.\ Statist.--Simula.}}

% Communications in Statistics-Theory and Methods
@STRING{ComSTM = {Commun Stat-Theor M}}

% Computational Statistics and Data Analysis
@STRING{CSDA = {Comput Stat Data An}}

% Computer Networks
@STRING{ComNet = {Com.\ Net.}}

% Computer and Graphics
@STRING{ComputerAndGraphics = {Compu.\ and Graph.}}

% Computer Graphics and Applications
@STRING{ComputerGraphicsAndApplications = {Comput.\ Graph.\ and App.}}

% Computer Vision, Graphics, and Image Processing
@STRING{ComputerVisionGraphicsAndImageProcessing = {Comput.\ Vision Graph.\ Image Process.}}

% Concurrency and Computation
@STRING{ConcurrencyAndComputation = {Conc.\ and Comp.}}

% CoopIS
@STRING{COOPIS94 = {CoopIS}}

% CSB
@STRING{CSB03 = {CSB}}

% CSDA - Computational Statistics and Data Analysis
@STRING{CSDA = {Computational Statistics and Data Analysis}}

% CSRD - Computer Science -- Research and Development
@STRING{CSRD = {CSRD}}

% CVPR
@STRING{CVPR01 = {CVPR}}
@STRING{CVPR07 = {CVPR}}

% CurrGenet
@STRING{CurrGenet = {Curr.\ Genet.}}

% CurrProteinPeptSci
@STRING{CurrProteinPeptSci = {Curr.\ Protein Pept.\ Sci.}}

% DaMoN -- International Workshop on Data Management on New Hardware (DaMoN)
@STRING{DaMoN10 = {DaMoN}}
@STRING{DaMoN09 = {DaMoN}}
@STRING{DaMoN08 = {DaMoN}}
@STRING{DaMoN07 = {DaMoN}}

% Data Mining and Knowledge Discovery
@STRING{DAMI = {Data Min.\ Knowl.\ Disc.}}

% DASFAA
@STRING{DASFAA11 = {DASFAA}}
@STRING{DASFAA10 = {DASFAA}}
@STRING{DASFAA09 = {DASFAA}}
@STRING{DASFAA08 = {DASFAA}}
@STRING{DASFAA07 = {DASFAA}}
@STRING{DASFAA06 = {DASFAA}}
@STRING{DASFAA05 = {DASFAA}}
@STRING{DASFAA04 = {DASFAA}}
@STRING{DASFAA03 = {DASFAA}}
@STRING{DASFAA01 = {DASFAA}}
@STRING{DASFAA00 = {ADBIS-DASFAA}}
@STRING{DASFAA99 = {DASFAA}}
@STRING{DASFAA97 = {DASFAA}}
@STRING{DASFAA95 = {DASFAA}}
@STRING{DASFAA93 = {DASFAA}}
@STRING{DASFAA91 = {DASFAA}}
@STRING{DASFAA89 = {DASFAA}}

% DAWAK
@STRING{DAWAK10 = {DaWaK}}
@STRING{DAWAK03 = {DaWaK}}
@STRING{DAWAK02 = {DaWaK}}
@STRING{DAWAK01 = {DaWaK}}
@STRING{DAWAK00 = {DaWaK}}
@STRING{DAWAK99 = {DaWaK}}

% DBA
@STRING{DBA04 = {DBA}}

% Database Management Systems for Geographical Applications
@STRING{DBMSGA91 = {DBMS Geo.\ Apps.}}

% Datenbank-Spektrum
@STRING{DBSpek = {Datenbankspektrum}}

% Data Engineering Bulletin
@STRING{DEB = {IEEE Data Eng.\ Bull.}}

% DBLM Workshop
@STRING{WorkshopDEXA10DBLM = {DEXA Workshop DBLM}}

% DEMM
@STRING{DEMM00 = {DEMM}}

% DEXA
@STRING{DEXA03 = {DEXA}}
@STRING{DEXA93 = {DEXA}}
@STRING{DEXA91 = {DEXA}}
@STRING{DEXA90 = {DEXA}}

% Data & Knowledge Engineering
@STRING{DKE = {Data Knowl.\ Eng.}}

% DMIN
@STRING{DMIN07 = {DMIN}}

% DMKD
@STRING{DMKD00 = {DMKD}}
@STRING{DMKD03 = {DMKD}}

% DS Discovery Science
@STRING{DS04 = {DS}}

% Data Warehouse und Management Informations Systeme
@STRING{DWMIS = {Data Wareh.\ Manag.\ Inf.\ Sys.}}

% eclipse at OOPSLA
@STRING{eclipse06 = {OOPSLA workshop on eclipse technology eXchange}}

% EbM / Evidenzbasierte Medizin
@STRING{EBM2010 = {EbM2010}}

% ECCV02
@STRING{ECCV02 = {ECCV}}

% ECML
@STRING{ECML06 = {ECML}}
@STRING{ECML03 = {ECML}}
@STRING{ECML94 = {ECML}}

% ECMLPKDD
@STRING{ECMLPKDD07 = {ECML PKDD}}
@STRING{ECMLPKDD08 = {ECML PKDD}}
@STRING{ECMLPKDD09 = {ECML PKDD}}
@STRING{ECMLPKDD10 = {ECML PKDD}}
@STRING{ECMLPKDD11 = {ECML PKDD}}
@STRING{ECMLPKDD12 = {ECML PKDD}}
@STRING{ECMLPKDD13 = {ECML PKDD}}
@STRING{ECMLPKDD14 = {ECML PKDD}}

% EDBT
@STRING{EDBT09 = {EDBT}}
@STRING{EDBT08 = {EDBT}}
@STRING{EDBT06 = {EDBT}}
@STRING{EDBT04 = {EDBT}}
@STRING{EDBT02 = {EDBT}}
@STRING{EDBT00 = {EDBT}}
@STRING{EDBT98 = {EDBT}}
@STRING{EDBT96 = {EDBT}}
@STRING{EDBT94 = {EDBT}}
@STRING{EDBT92 = {EDBT}}
@STRING{EDBT90 = {EDBT}}
@STRING{EDBT88 = {EDBT}}

% EDBT Workshop
@STRING{EDBT02PHDWS = {EDBT PhD Workshop}}

% EFIS
@STRING{EFIS01 = {EFIS}}
@STRING{EFIS00 = {EFIS}}

% Elsevier publisher
@STRING{Elsevier = {Elsevier}}

% EMBOJ
@STRING{EMBOJ = {EMBO J.}}

% EMBORep
@STRING{EMBORep = {EMBO Rep.}}

% IEEE Engineering in Medicine and Biology Society
@STRING{EMBS = {IEEE-EMBS}}

% ESANN
@STRING{ESANN07 = {ESANN}}
@STRING{ESANN05 = {ESANN}}

% ESEC-FSE
@STRING{ESEC-FSE05 = {ESEC-FSE}}
@STRING{ESEC-FSE07 = {ESEC-FSE}}

% ESOA
@STRING{ESOA04 = {ESOA}}

% European Journal of Biochemistry
@STRING{EurJBiochem = {Eur.\ J.\ Biochem.}}

% Eurohaptics
@STRING{EUROHAP01 = {EuroHaptics}}

% EuroCG
@STRING{EuroCG91 = {EuroCG}}

% Extreme Markup Languages
@STRING{Extreme05 = {eXtremeML}}

% FEBSLett
@STRING{FEBSLett = {FEBS Lett.}}

% FODO: Foundations of Data Organization and Algorithms
@STRING{FODO93 = {FODO}}

% Freeman
@STRING{Freeman = {W.\ H.\ Freeman}}

% GCB
@STRING{GCB98 = {GCB}}
@STRING{GCB96 = {GCB}}

% Genetics and Molecular Biology
@STRING{GenetMolBiol = {Genet.\ Mol.\ Biol.}}

% GenesDev
@STRING{GenesDev = {Genes Dev.}}

% Genome Biology
@STRING{GenomeBiology = {Genome Biology}}

% GenomeRes
@STRING{GenomeRes = {Genome Res.}}

% Genomics, Proteomics, and Bioinformatics
@STRING{GenoProtBioinfo = {Geno.\ Prot.\ Bioinfo.}}

% Geographic Data Mining and Knowledge Discovery
@STRING{GeoDMKD = {Geogr. Data Min. and Know. Disc.}}

% GEOINFO
@STRING{GEOINFO03 = {GEOINFO}}

% GeoInformatica Journal
@STRING{GeoInformatica = {GeoInformatica}}

% GIS see ACMGIS
@STRING{GIS90 = {GIS}}

% HCII
@STRING{HCII07 = {HCII}}

%IBM Systems Journal
@STRING{IBMSystJ = {IBM Syst.\ J.}}

%ICA
@STRING{ICA09 = {ICA}}

%ICBO = International Conference on Biomedical Ontologies (ICBO)
@STRING{ICBO09 = {ICBO}}

% ICCV
@STRING{ICCV99 = {ICCV}}
@STRING{ICCV03 = {ICCV}}
@STRING{ICCV07 = {ICCV}}
% ICDE
@STRING{ICDE15 = {ICDE}}
@STRING{ICDE14 = {ICDE}}
@STRING{ICDE13 = {ICDE}}
@STRING{ICDE12 = {ICDE}}
@STRING{ICDE11 = {ICDE}}
@STRING{ICDE10 = {ICDE}}
@STRING{ICDE09 = {ICDE}}
@STRING{ICDE08 = {ICDE}}
@STRING{ICDE07 = {ICDE}}
@STRING{ICDE06 = {ICDE}}
@STRING{ICDE05 = {ICDE}}
@STRING{ICDE04 = {ICDE}}
@STRING{ICDE03 = {ICDE}}
@STRING{ICDE02 = {ICDE}}
@STRING{ICDE01 = {ICDE}}
@STRING{ICDE00 = {ICDE}}
@STRING{ICDE99 = {ICDE}}
@STRING{ICDE98 = {ICDE}}
@STRING{ICDE97 = {ICDE}}
@STRING{ICDE96 = {ICDE}}
@STRING{ICDE95 = {ICDE}}
@STRING{ICDE94 = {ICDE}}
@STRING{ICDE93 = {ICDE}}
@STRING{ICDE92 = {ICDE}}
@STRING{ICDE91 = {ICDE}}
@STRING{ICDE90 = {ICDE}}
@STRING{ICDE89 = {ICDE}}
@STRING{ICDE88 = {ICDE}}
@STRING{ICDE87 = {ICDE}}
@STRING{ICDE86 = {ICDE}}
@STRING{ICDE85 = {ICDE}}

% ICDE Tutorial
@STRING{ICDE01Tut = {Tut.\ ICDE}}

% ICDM
@STRING{ICDM17 = {ICDM}}
@STRING{ICDM16 = {ICDM}}
@STRING{ICDM15 = {ICDM}}
@STRING{ICDM14 = {ICDM}}
@STRING{ICDM13 = {ICDM}}
@STRING{ICDM12 = {ICDM}}
@STRING{ICDM11 = {ICDM}}
@STRING{ICDM10 = {ICDM}}
@STRING{ICDM09 = {ICDM}}
@STRING{ICDM08 = {ICDM}}
@STRING{ICDM07 = {ICDM}}
@STRING{ICDM06 = {ICDM}}
@STRING{ICDM05 = {ICDM}}
@STRING{ICDM04 = {ICDM}}
@STRING{ICDM03 = {ICDM}}
@STRING{ICDM02 = {ICDM}}
@STRING{ICDM01 = {ICDM}}

% ICDM Tutorial
@STRING{ICDM07Tut = {Tut.\ ICDM}}
@STRING{ICDM02Tut = {Tut.\ ICDM}}

% ICDM Workshop
@STRING{ICDM03WS = {ICDM-Workshop}}
@STRING{ICDM06WS = {ICDM-Workshop}}

% ICDT
@STRING{ICDT99 = {ICDT}}
@STRING{ICDT01 = {ICDT}}

% ICEIS
@STRING{ICEIS05 = {ICEIS}}

% ICIAR
@STRING{ICIAR06 = {ICIAR}}

% ICIG
@STRING{ICIG04 = {ICIG}}

% ICIP
@STRING{ICIP11 = {ICIP}}
@STRING{ICIP03 = {ICIP}}
@STRING{ICIP97 = {ICIP}}

% ICME
@STRING{ICME06 = {ICME}}
@STRING{ICME04 = {ICME}}

% ICML
@STRING{ICML09 = {ICML}}
@STRING{ICML06 = {ICML}}
@STRING{ICML05 = {ICML}}
@STRING{ICML04 = {ICML}}
@STRING{ICML03 = {ICML}}
@STRING{ICML02 = {ICML}}
@STRING{ICML01 = {ICML}}
@STRING{ICML00 = {ICML}}
@STRING{ICML98 = {ICML}}
@STRING{ICML97 = {ICML}}
@STRING{ICML96 = {ICML}}

% ICPR
@STRING{ICPR04 = {ICPR}}
@STRING{ICPR02 = {ICPR}}
@STRING{ICPR00 = {ICPR}}

% ICSE
@STRING{ICSE09 = {ICSE}}
@STRING{ICSE08 = {ICSE}}

% ICSM
@STRING{ICSM09 = {ICSM}}

% ICSMC : IEEE International Conference on Systems, Man, and Cybernetics
@STRING{ICSMC00 = {ICSMC}}

% IDA
@STRING{IDA12 = {IDA}}
@STRING{IDA09 = {IDA}}

@STRING{IDEA13 = {IDEA}}

% IDEAL
@STRING{IDEAL03 = {IDEAL}}

% IDS
@STRING{IDS92 = {IDS}}

% IEEE Transactions (in alphabetic order)
@STRING{PIEEE = {Proc.\ IEEE}}
@STRING{IEEETASSP = {IEEETASSP}}
@STRING{IEEETAC = {IEEE TAC}}
% IEEE transactions on biomedical engineering
@STRING{IEEEBE = {IEEE TBE}}
@STRING{IEEETCBB = {IEEE TCBB}}
@STRING{IEEETC = {IEEE TC}}
@STRING{IEEETIT = {IEEE TIT}}
@STRING{TKDE = {IEEE TKDE}}
@STRING{IEEETKDE = {IEEE TKDE}}

% IEEE Transactions on Medical Imaging
@STRING{IEEEME = {IEEE T Med Imaging}}
@STRING{IEEESignalProcessing = {IEEE Signal Processing Magazine}}
@STRING{TNN = {IEEE TNN}}
@STRING{IEEETNN = {IEEE TNN}}

% IEEE Nuclear Science Symposium and Medical Imaging Conference
@STRING{NSSMIC = {IEEE NSS MIC}}

% IEEE Nuclear Science Symposium Conference Record
@STRING{NSSCR = {IEEE NSS}}
@STRING{TPAMI = {IEEE TPAMI}}
@STRING{IEEETPAMI = {IEEE TPAMI}}
@STRING{TSAP = {IEEE TSAP}}
@STRING{IEEETSAP = {IEEE TSAP}}
@STRING{TSE = {IEEE TSE}}
@STRING{IEEETSE = {IEEE TSE}}
@STRING{TSMC = {IEEE TSMC}}
@STRING{IEEETSMC = {IEEE TSMC}}

% Informatik - Forschung und Entwicklung
@STRING{IFE = {IFE}}

% IFI-LMU
@STRING{IFI = {LMU, Germany}}

% IFIP
@STRING{IFIP98 = {PROLAMAT}}

% IFM
@STRING{IFM00 = {IFM}}

% IGIS
@STRING{IGIS94 = {IGIS}}

% IIB
@STRING{IIB95 = {Inf.\ i.\ d.\ Biowiss.}}
@STRING{IIB94 = {Inf.\ i.\ d.\ Biowiss.}}

% IIWAS
@STRING{IIWAS02 = {IIWAS}}

% IJCAI: International Joint Conference on Artificial Intelligence
@STRING{IJCAI77 = {IJCAI}}
@STRING{IJCAI09 = {IJCAI}}

% International Journal of Computer Vision (Springer)
@STRING{IJCV = {Int.\ J.\ Computer Vision}}

% International Journal of Data Warehousing and Mining
@STRING{IJDWM = {IJDWM}}

% INF
@STRING{INF00 = {GI-Jahrestagung Informatik}}

% Informatica
@STRING{Informatica = {Informatica}}

% INFOVIS
@STRING{INFOVIS98 = {INFOVIS}}

% Informatik-Spektrum
@STRING{InfSpek = {Informatik-Spektrum}}

% Information and Software Technology
@STRING{InfSof = {Inform.\ Software Technol.}}

% Information Fusion
@STRING{InfFus = {Inf.\ Fusion}}

% In Silico Biology
@STRING{InSilicoBiology = {In Silico Biol.}}

% Intelligent Data Analysis
@STRING{IntelligentDataAnalysis = {Intelligent Data Analysis}}

% International Journal of Business Intelligence and Data Mining
@STRING{BusinessIntelligenceDataMining = {Int.\ J.\ Business Intelligence and Data Mining}}

% International Journal of Information Technology and Intelligent Computing
@STRING{IntJITIC = {Int.\ J.\ IT\&IC}}

% Information Processing Letters
@STRING{IPL = {Inf. Process. Lett.}}

% IPSN: Information Processing In Sensor Networks
@STRING{IPSN07 = {IPSN}}

% ISI-KDD
@STRING{ISIKDD12 = {ISI-KDD'12}}

% ISO
@STRING{ISO = {ISO}}

% ISMB
@STRING{ISMB06 = {ISMB}}
@STRING{ISMB05 = {ISMB}}
@STRING{ISMB04 = {ISMB}}
@STRING{ISMB03 = {ISMB}}
@STRING{ISMB02 = {ISMB}}
@STRING{ISMB01 = {ISMB}}
@STRING{ISMB00 = {ISMB}}
@STRING{ISMB99 = {ISMB}}
@STRING{ISMB95 = {ISMB}}

% IWANN
@STRING{IWANN05 = {IWANN}}

% IWCIA
@STRING{IWCIA04 = {IWCIA}}

% IWPSE
@STRING{IWPSE01 = {IWPSE}}

% Journal of the American Medical Association
@STRING{JAMA = {J. Am. Med. Assoc.}}

% Journal of Applied Meteorology
@STRING{JAppliedMeteorology = {J.\ Appl.\ Meteor.}}

% Journal of Artificial Intelligence Research JAIR
@STRING{JAIR = {JAIR}}

% Journal of Applied Sciences
@STRING{JApplSci = {J.\ Appl.\ Sci.}}

% Journal of Biological Chemistry
@STRING{JBC = {J.\ Biol.\ Chem.}}

% JBCB Journal of Bioinformatics and Computational Biology
@STRING{JBCB = {JBCB}}

% JBDA
@STRING{JBDA93 = {JBDA}}

% JBioenergBiomembr
@STRING{JBioenergBiomembr = {J.\ Bioenerg.\ Biomembr.}}

% Journal of Biomedical Informatics
@STRING{JBioMedI = {J Biomed Inf}}

% Journal of Computational and Graphical Statistics
@STRING{JCGS = {J.\ Comp.\ Graph.\ Stat.}}

% Journal of Classification
@STRING{JClass = {J.\ Classif.}}

% Journal of Complexity
@STRING{JCO = {J. Complexity}}

% Journal of Computational Biology
@STRING{JComputBiol = {J.\ Comput.\ Biol.}}

% Journal of Computer and System Sciences
@STRING{JCSS = {JCSS}}

% Journal of Cybernetics
@STRING{JCybernet = {J.\ Cybernet.}}

% Journal of Ecology
@STRING{JEcol = {J.\ Ecol.}}

% Journal of Forecasting
@STRING{JForecasting = {J.\ Forecasting}}

% JGenMicrobiol (Journal of General Microbiology)
@STRING{JGenMicrobiol = {J.\ gen.\ Microbiol.}}

% Journal of Intelligent Information Systems
@STRING{JIIS = {JIIS}}

% JMachLearnRes
@STRING{JMLR = {J.\ Mach.\ Learn.\ Res.}}

% Journal of Microscopy and Analysis
@STRING{JMA = {J.\ Mic.\ Anal.}}

% Journal of Molecular Biology
@STRING{JMolBiol = {J.\ Mol.\ Biol.}}

% Journal of the American Statistical Association
@STRING{JASA = {JASA}}

% Journal of Paleontology
@STRING{JPaleontology = {J.\ Paleontology}}

% Journal of Quantitative Linguistics
@STRING{JQL = {J.\ Quant.\ Ling}}

% Journal of the Royal Statistical Society: Series B (Statistical Methodology)
@STRING{JRStatistSocB = {J.\ R.\ Statist.\ Soc.\ B}}
% Journal of the Royal Statistical Society: Series C (Applied Statistics)
@STRING{JRStatistSocC = {Appl.\ Statist.}}
% Journal of the Royal Statistical Society: Series D (The Statistician)
@STRING{JRStatistSocD = {The Statistician}}

% J.UCS
@STRING{JUCS = {J.UCS}}

% J. Vis. Commun. Image R.
@STRING{JVisCommunImageR = {J. Vis. Commun. Image R.}}

% KAIS
@STRING{KAIS = {Knowl. Inf. Sys.}}

% KBSAAI
@STRING{KBSAAI02 = {KBSAAI}}

% KES
@STRING{KES04 = {KES}}

% KDD
@STRING{KDD17 = {KDD}}
@STRING{KDD16 = {KDD}}
@STRING{KDD15 = {KDD}}
@STRING{KDD14 = {KDD}}
@STRING{KDD13 = {KDD}}
@STRING{KDD12 = {KDD}}
@STRING{KDD11 = {KDD}}
@STRING{KDD10 = {KDD}}
@STRING{KDD09 = {KDD}}
@STRING{KDD08 = {KDD}}
@STRING{KDD07 = {KDD}}
@STRING{KDD06 = {KDD}}
@STRING{KDD05 = {KDD}}
@STRING{KDD04 = {KDD}}
@STRING{KDD03 = {KDD}}
@STRING{KDD02 = {KDD}}
@STRING{KDD01 = {KDD}}
@STRING{KDD00 = {KDD}}
@STRING{KDD99 = {KDD}}
@STRING{KDD98 = {KDD}}
@STRING{KDD97 = {KDD}}
@STRING{KDD96 = {KDD}}
@STRING{KDD95 = {KDD}}
@STRING{KDD94 = {KDD}}

% KDD Workshop
@STRING{KDDWorkshop02 = {KDD-Workshop}}

% KDD Tutorial
@STRING{KDD08Tut = {Tut.\ KDD}}
@STRING{KDD10Tut = {Tut.\ KDD}}

% KDID
@STRING{KDID05 = {KDID}}

% KI
@STRING{KI99 = {KI}}

% KI-Journal
@STRING{KIJournal = {KI-Journ.}}

% Ludwig-Maximilians-University
@STRING{LMU = {LMU, Germany}}

% Ludwig-Maximilans-Universität und TUM
@STRING{LMUTU = {LMU/TU, Germany}}

% MachineLearning
@STRING{ML = {Mach.\ Learn.}}
@STRING{MachineLearning = {Mach.\ Learn.}}

@STRING{MATHPROGRAM= {Math. Program.}}

% Maurer birthday
@STRING{MAURER = {New Results and New Trends in Computer Science}}

% JOURNAL Medical and Biological Engineering and Computing
@STRING{MBEC = {Med Biol Eng Com}}

%Mining Complex Data (ICDM-Workshop)
@String{MCD05={MCD}}

% MCIS
@STRING{MCIS09 = {MCIS}}

% MCS
@STRING{MCS00 = {MCS}}
@STRING{MCS02 = {MCS}}
@STRING{MCS03 = {MCS}}

% MDM
@STRING{MDM08 = {MDM}}

% MDM/KDD
@STRING{MDMKDD04 = {MDM/KDD}}
@STRING{MDMKDD03 = {MDM/KDD}}

% MedPhys
@STRING{MedPhys = {Med.\ Phys.}}

% MIT Press
@STRING{MITPress = {MIT Press}}

% Medical Image Computing and Computer-Assisted Intervention
@STRING{MICCAI11 = {MICCAI}}
@STRING{MICCAI07 = {MICCAI}}

% MIW
@STRING{MIW01 = {MIW}}

% ML
@STRING{ML92 = {ML}}

% MLDM
@STRING{MLDM05 = {MLDM}}
@STRING{MLDM07 = {MLDM}}
@STRING{MLDM09 = {MLDM}}

% MLG
@STRING{MLG08 = {MLG}}
@STRING{MLG07 = {MLG}}

% MMCBIR
@STRING{MMCBIR01 = {MMCBIR}}

% MMM
@STRING{MMM08 = {MMM}}
@STRING{MMM06 = {MMM}}
@STRING{MMM05 = {MMM}}
@STRING{MMM98 = {MMM}}

% Workshop Modellierung
@STRING{MOD00 = {Workshop Modellierung 2000}}

% Molecular Biology of the Cell
@STRING{MolBiolCell = {Mol.\ Biol.\ Cell}}

% MolMembrBiol
@STRING{MolMembrBiol = {Mol.\ Membr.\ Biol.}}

% MSR
@STRING{MSR09 = {MSR}}
@STRING{MSR06 = {MSR}}

% MultiClust
@STRING{MULTICLUST11 = {MultiClust'11}}
@STRING{MULTICLUST10 = {MultiClust'10}}

% Nature Genetics
@STRING{NatGenet = {Nat.\ Genet.}}

% Neural Networks
@STRING{NeuralNetworks = {Neural Networks}}

% Neural Nets Workshop
@STRING{NeuralNetsWIRN = {Neural Nets WIRN}}

% Neurocomputing
@STRING{Neurocomputing = {Neurocomp.}}

% NIPS
@STRING{NIPS06 = {NIPS}}
@STRING{NIPS04 = {NIPS}}
@STRING{NIPS01 = {NIPS}}
@STRING{NIPS00 = {NIPS}}

% NIPS Workshop
@STRING{NIPS09WS = {NIPS Workshop}}

% Nucleic Acids Research
@STRING{NucleicAcidsResearch = {Nucleic Acids Res.}}

% Oncogene
@STRING{Oncogene = {Oncogene}}

% PAKDD
@STRING{PAKDD02 = {PAKDD}}
@STRING{PAKDD03 = {PAKDD}}
@STRING{PAKDD04 = {PAKDD}}
@STRING{PAKDD05 = {PAKDD}}
@STRING{PAKDD06 = {PAKDD}}
@STRING{PAKDD07 = {PAKDD}}
@STRING{PAKDD08 = {PAKDD}}
@STRING{PAKDD09 = {PAKDD}}
@STRING{PAKDD10 = {PAKDD}}

% PAKDD - Tutorial
@STRING{PAKDD09Tut = {Tut.\ PAKDD}}
@STRING{PAKDD08Tut = {Tut.\ PAKDD}}

% Pattern Recognition Journal
@STRING{PatternRecognition = {Pattern Recognition}}

% The London, Edinburgh, and Dublin Philosophical Magazine and Journal of Science (~1900)
@STRING{PhilMagJourScience = {Phil.\ Mag.\ and J.\ of Sci.}}

% PIV
@STRING{PIV = {Perceptual Issues in Vis.}}

% Physics in Medicine and Biology
@STRING{PhysMedBiol = {Phys.\ Med.\ Biol.}}

% PKDD  since 07: ECMLPKDDxx
@STRING{PKDD06 = {PKDD}}
@STRING{PKDD05 = {PKDD}}
@STRING{PKDD04 = {PKDD}}
@STRING{PKDD03 = {PKDD}}
@STRING{PKDD02 = {PKDD}}
@STRING{PKDD01 = {PKDD}}
@STRING{PKDD00 = {PKDD}}
@STRING{PKDD99 = {PKDD}}
@STRING{PKDD98 = {PKDD}}
@STRING{PKDD97 = {PKDD}}

% PNAS
@STRING{PNAS = {PNAS}}

% Proteomics
@STRING{Proteomics = {Proteomics}}

% International Workshop on Pattern Recognition in Information Systems
@STRING{PRIS02 = {PRIS}}

% PODS
@STRING{PODS00 = {PODS}}
@STRING{PODS98 = {PODS}}
@STRING{PODS97 = {PODS}}

% Progress in Natural Science
@String{PNS = {Prog Nat Sci}}

% ProteinEng
@STRING{ProteinEng = {Protein Eng.}}

% Proteins: Structure, Function, and Genetics
@STRING{Proteins = {Proteins}}

% Protein Science
@STRING{ProteinSci = {Protein Sci.}}

% PSB
@STRING{PSB07 = {PSB}}
@STRING{PSB06 = {PSB}}
@STRING{PSB03 = {PSB}}
@STRING{PSB02 = {PSB}}
@STRING{PSB98 = {PSB}}

% Psychological Review
@STRING{PsycholRev = {Psychol.\ Rev.}}

% PVLDB
@STRING{PVLDB = {PVLDB}}

% The Quarterly of Applied Mathematics
@STRING{QAppMath = {Quart.\ App.\ Math.}}

% Workshop on Quality Issues, Measures of Interestingness and Evaluation of Data Mining Models (QIMIE) (PAKDD 2011)
@STRING{QIMIE11 = {PAKDD Workshop QIMIE}}

% RECOMB
@STRING{RECOMB04 = {RECOMB}}
@STRING{RECOMB03 = {RECOMB}}
@STRING{RECOMB02 = {RECOMB}}
@STRING{RECOMB01 = {RECOMB}}
@STRING{RECOMB00 = {RECOMB}}
@STRING{RECOMB99 = {RECOMB}}
@STRING{RECOMB98 = {RECOMB}}
@STRING{RECOMB97 = {RECOMB}}

% RIDEIMS
@STRING{RIDEIMS93 = {RIDE-IMS}}

% RSSE
@STRING{RSSE08 = {RSSE}}

% RTCSA
@STRING{RTCSA03 = {RTCSA}}

% SAM
@STRING{SAM = {Stat.\ Anal.\ Data Min.}}

% SDH - Symposium on Spatial Data Handling
@STRING{SDH92 = {SDH}}

% SecPri
@STRING{SecPri99 = {SECPRI}}

% SIAM / SDM
@STRING{SDM14 = {SDM}}
@STRING{SDM13 = {SDM}}
@STRING{SDM12 = {SDM}}
@STRING{SDM11 = {SDM}}
@STRING{SDM10 = {SDM}}
@STRING{SDM09 = {SDM}}
@STRING{SDM08 = {SDM}}
@STRING{SDM07 = {SDM}}
@STRING{SDM06 = {SDM}}
@STRING{SDM05 = {SDM}}
@STRING{SDM04 = {SDM}}
@STRING{SDM03 = {SDM}}
@STRING{SDM02 = {SDM}}
@STRING{SDM01 = {SDM}}

@STRING{SDM10Tut = {Tut.\ SDM}}

% SIAM Society for Industrial and Applied Mathematics
@STRING{SIAM = {SIAM}}

% SIAM Journal on Computing SICOMP
@STRING{SICOMP = {SICOMP}}

% SIAM Journal on Discrete Mathematics
@STRING{SJDM = {SIAM J.\ Discrete Math.}}

% SIAM Journal on Numerical Analysis
@STRING{SJNA = {SIAM J.\ Num.\ Anal.}}

% SIAM Workshop
@String{ALENEX05 = {SIAM ALENEX}}
@String{ALENEX06 = {SIAM ALENEX}}

% SIGIR
@STRING {SIGIR10 = {SIGIR}}
@STRING {SIGIR09 = {SIGIR}}
@STRING {SIGIR08 = {SIGIR}}
@STRING {SIGIR03 = {SIGIR}}
@STRING {SIGIR01 = {SIGIR}}
@STRING {SIGIR99 = {SIGIR}}

% Newsletter ACM SIGIR Forum
@STRING{SIGIRForum = {ACM SIGIR Forum}}

% SIGKDDExplorations
@STRING{SIGKDDExplorations = {SIGKDD Explor.}}

% SIGMETRICS
@STRING{SIGMETRIC10 = {SIGMETRICS}}

% SIGMOD
@STRING{SIGMOD10 = {SIGMOD}}
@STRING{SIGMOD09 = {SIGMOD}}
@STRING{SIGMOD08 = {SIGMOD}}
@STRING{SIGMOD07 = {SIGMOD}}
@STRING{SIGMOD06 = {SIGMOD}}
@STRING{SIGMOD05 = {SIGMOD}}
@STRING{SIGMOD04 = {SIGMOD}}
@STRING{SIGMOD03 = {SIGMOD}}
@STRING{SIGMOD02 = {SIGMOD}}
@STRING{SIGMOD01 = {SIGMOD}}
@STRING{SIGMOD00 = {SIGMOD}}
@STRING{SIGMOD99 = {SIGMOD}}
@STRING{SIGMOD98 = {SIGMOD}}
@STRING{SIGMOD97 = {SIGMOD}}
@STRING{SIGMOD96 = {SIGMOD}}
@STRING{SIGMOD95 = {SIGMOD}}
@STRING{SIGMOD94 = {SIGMOD}}
@STRING{SIGMOD93 = {SIGMOD}}
@STRING{SIGMOD92 = {SIGMOD}}
@STRING{SIGMOD91 = {SIGMOD}}
@STRING{SIGMOD90 = {SIGMOD}}
@STRING{SIGMOD89 = {SIGMOD}}
@STRING{SIGMOD88 = {SIGMOD}}
@STRING{SIGMOD87 = {SIGMOD}}
@STRING{SIGMOD86 = {SIGMOD}}
@STRING{SIGMOD85 = {SIGMOD}}
@STRING{SIGMOD84 = {SIGMOD}}
@STRING{SIGMOD83 = {SIGMOD}}
@STRING{SIGMOD82 = {SIGMOD}}
@STRING{SIGMOD81 = {SIGMOD}}
@STRING{SIGMOD80 = {SIGMOD}}
@STRING{SIGMOD79 = {SIGMOD}}
@STRING{SIGMOD78 = {SIGMOD}}
@STRING{SIGMOD77 = {SIGMOD}}
@STRING{SIGMOD76 = {SIGMOD}}
@STRING{SIGMOD75 = {SIGMOD}}

% SIGMOD RECORD
@STRING{SIGMODREC = {SIGMOD Rec.}}

% Signal Processing
@STRING{SignalProcessing = {Signal Process.}}

% Symposium Informatik für den Umweltschut
@STRING{SIU90 = {Symp.\ Inf.\ Umweltschutz}}

% SMA
@STRING{SMA93 = {SMA}}

% SODA
@STRING{SODA94 = {SODA}}
@STRING{SODA93 = {SODA}}
@STRING{SODA03 = {SODA}}
@STRING{SODA02 = {SODA}}
@STRING{SODA01 = {SODA}}

% SPIE
@STRING{SPIE01 = {SPIE}}
@STRING{SPIE93 = {SPIE}}
@STRING{SPIEMED09 = {SPIE}}
@STRING{SPIEMED10 = {SPIE}}
@STRING{SPIEMED11 = {SPIE}}
% SPIE Medical Imaging: Advanced PACS-based Imaging Informatics and Therapeutic Applications
@STRING{SPIEMEDPACS11 = {SPIE}}

% Springer Verlag
@STRING{Springer = {Springer}}

% SRL
@STRING{SRL06 = {SRL}}

% SSD/SSTD
@STRING{SSTD11 = {SSTD}}
@STRING{SSTD09 = {SSTD}}
@STRING{SSTD07 = {SSTD}}
@STRING{SSTD05 = {SSTD}}
@STRING{SSTD03 = {SSTD}}
@STRING{SSTD01 = {SSTD}}
@STRING{SSD99 = {SSD}}
@STRING{SSD97 = {SSD}}
@STRING{SSD95 = {SSD}}
@STRING{SSD93 = {SSD}}
@STRING{SSD91 = {SSD}}
@STRING{SSD89 = {SSD}}

% SSDBM
@STRING{SSDBM11 = {SSDBM}}
@STRING{SSDBM10 = {SSDBM}}
@STRING{SSDBM09 = {SSDBM}}
@STRING{SSDBM08 = {SSDBM}}
@STRING{SSDBM07 = {SSDBM}}
@STRING{SSDBM06 = {SSDBM}}
@STRING{SSDBM05 = {SSDBM}}
@STRING{SSDBM04 = {SSDBM}}
@STRING{SSDBM03 = {SSDBM}}
@STRING{SSDBM02 = {SSDBM}}

% SSTD
% siehe SSD

% Statistics Journal
@STRING{Statistics = {Statistics}}

% Statistics & Probability Letters
@STRING{StatisticsProbabilityLetters = {Statistics \& Probability Letters}}

% Stat Methods Med Res
@STRING{StatMethodsMedRes = {Stat Methods Med Res}}

% STEP
@STRING{STEP99 = {STEP}}

% STOC
@STRING{STOC98 = {STOC}}

% StreamKDD
@STRING{StreamKDD10 = {StreamKDD'10}}

% Transactions of the American Mathematical Society
@STRING{TAMS = {Trans.\ Am.\ Math.\ Soc.}}

% Technometrics
@STRING{Technometrics = {Technometrics}}

% Theoretical Computer Science (TCS)
@STRING{TCS = {TCS}}

% IEEE/ACM Transactions on Computational Biology and Bioinformatics
@STRING{TCBB = {IEEE/ACM TCBB}}

% Transactions on Knowledge Discovery from Data
@STRING{TKDD = {ACM TKDD}}

% ACM Transactions on Database Systems
@STRING{TODS = {ACM TODS}}

% ACM Transactions on Information Systems (TOIS)
@STRING{TOIS = {ACM Transactions on Information Systems (TOIS)}}

% The American Journal of Psychology
@STRING{AmerJPsychol = {Amer.\ J.\ Psychol.}}

% The Computer Journal
@STRING{ComputJ = {Comput.\ J.}}

% Trends in Biochemical sciences
@STRING{TrendsBiochemSci = {Trends Biochem.\ Sci.}}

% TrendsCellBiol
@String{TrendsCellBiol = {Trends Cell Biol.}}

% UAI
@STRING{UAI06 = {UAI}}
@STRING{UAI93 = {UAI}}

% VDB
@STRING{VDB95 = {VDB}}

% VDM Verlag Dr. Müller Aktiengesellschaft und Co. KG
@String{VDM = {VDM}}

% VDM
@STRING{VDM03 = {VDM}}

% Vistas in Astronomy
@STRING{VIA = {Vistas in Astronomy}}

% VIS
@STRING{VIS96 = {VIS}}
@STRING{VIS95 = {VIS}}
@STRING{VIS93 = {VIS}}
@STRING{VIS92 = {VIS}}

% VIS Workshop
@STRING{VIS95WS = {VIS Workshop}}
@STRING{VIS93WS = {VIS Workshop}}

% VLDB
@STRING{VLDB11 = {VLDB}}
@STRING{VLDB10 = {VLDB}}
@STRING{VLDB09 = {VLDB}}
@STRING{VLDB08 = {VLDB}}
@STRING{VLDB07 = {VLDB}}
@STRING{VLDB06 = {VLDB}}
@STRING{VLDB05 = {VLDB}}
@STRING{VLDB04 = {VLDB}}
@STRING{VLDB03 = {VLDB}}
@STRING{VLDB02 = {VLDB}}
@STRING{VLDB01 = {VLDB}}
@STRING{VLDB00 = {VLDB}}
@STRING{VLDB99 = {VLDB}}
@STRING{VLDB98 = {VLDB}}
@STRING{VLDB97 = {VLDB}}
@STRING{VLDB96 = {VLDB}}
@STRING{VLDB95 = {VLDB}}
@STRING{VLDB94 = {VLDB}}
@STRING{VLDB93 = {VLDB}}
@STRING{VLDB92 = {VLDB}}
@STRING{VLDB91 = {VLDB}}
@STRING{VLDB90 = {VLDB}}
@STRING{VLDB89 = {VLDB}}
@STRING{VLDB88 = {VLDB}}
@STRING{VLDB87 = {VLDB}}
@STRING{VLDB86 = {VLDB}}
@STRING{VLDB85 = {VLDB}}
@STRING{VLDB84 = {VLDB}}
@STRING{VLDB83 = {VLDB}}
@STRING{VLDB82 = {VLDB}}
@STRING{VLDB81 = {VLDB}}
@STRING{VLDB80 = {VLDB}}
@STRING{VLDB79 = {VLDB}}
@STRING{VLDB78 = {VLDB}}
@STRING{VLDB77 = {VLDB}}
@STRING{VLDB76 = {VLDB}}
@STRING{VLDB75 = {VLDB}}
@STRING{VLDBJournal = {VLDB J.}}

% VLDB Tutorial
@STRING{VLDB08Tut = {Tut.\ VLDB}}

% WAIM
@STRING{WAIM05 = {WAIM}}

% Wiley Interdisciplinary Reviews: Computational Statistics
@STRING{WIREsCS = {WIREs Comp.\ Stat.}}
% Wiley Interdisciplinary Reviews: Data Mining and Knowledge Discovery
@STRING{WIREsDM = {WIREs DMKD}}

% John Wiley\&Sons
@STRING{WILEY = {John Wiley\&Sons}}

% WIRN / NAIS
@STRING{WIRNNAIS05 = {WIRN / NAIS}}

@STRING{WorkshopICDE08DBRank = {ICDE Workshop DBRank}}
@STRING{WorkshopICDE10DBRank = {ICDE Workshop DBRank}}

@STRING{WorkshopICML00Attribute-Value = {ICML Workshop on Attribute-Value and Relational Learning}}
@STRING{WorkshopICML03ContinuumLabeledUnlabeled  = {ICML Workshop on the Continuum from Labeled to Unlabeled Data in Machine Learning and Data Mining}}
@STRING{WorkshopICML05Multiple-Views  = {ICML Workshop on Learning with Multiple Views}}
@STRING{WorkshopICML11global  = {ICML Workshop on Learning for Global Challenges}}

@STRING{WorkshopPAKDD09OSDM = {PAKDD Workshop OSDM}}

% WSDM
@STRING{WSDM17 = {WSDM}}

% The web conf
@STRING{WWW13 = {WWW}}
@STRING{WWW12 = {WWW}}
@STRING{WWW11 = {WWW}}
@STRING{WWW10 = {WWW}}
@STRING{WWW09 = {WWW}}
@STRING{WWW08 = {WWW}}
@STRING{WWW07 = {WWW}}

% Knowledge Capture conferece
@STRING{KCAP17 = {K-CAP}}
