@inproceedings{MixHop,
  title={Mixhop: Higher-order graph convolutional architectures via sparsified neighborhood mixing},
  author={Abu-El-Haija, Sami and Perozzi, Bryan and Kapoor, Amol and Alipourfard, Nazanin and Lerman, Kristina and Harutyunyan, Hrayr and Ver Steeg, Greg and Galstyan, Aram},
  booktitle={international conference on machine learning},
  pages={21--29},
  year={2019},
  organization={PMLR}
}

@inproceedings{lecuniefficient,
 author = {LeCun, Yann and Bottou, L{\'e}on and Orr, Genevieve B. and M\"{u}ller, Klaus-Robert},
 title = {Efficient BackProp},
 booktitle = {Neural Networks: Tricks of the Trade, This Book is an Outgrowth of a 1996 NeurIPS Workshop},
 year = {1998},
 isbn = {3-540-65311-2},
 pages = {9--50},
 numpages = {42},
 url = {http://dl.acm.org/citation.cfm?id=645754.668382},
 acmid = {668382},
 publisher = {Springer-Verlag},
 address = {London, UK, UK},
} 

@book{sutton2018reinforcement,
  title={Reinforcement learning: An introduction},
  author={Sutton, Richard S and Barto, Andrew G},
  year={2018}
}

@misc{magelinski2019graphhist,
	title={Graph-Hist: Graph Classification from Latent Feature Histograms With Application to Bot Detection},
	author={Thomas Magelinski and David Beskow and Kathleen M. Carley},
	year={2019},
	eprint={1910.01180},
	archivePrefix={arXiv},
	primaryClass={cs.LG}
}

@inproceedings{wang2016learnable,
	title={Learnable histogram: Statistical context features for deep neural networks},
	author={Wang, Zhe and Li, Hongsheng and Ouyang, Wanli and Wang, Xiaogang},
	booktitle={European Conference on Computer Vision},
	pages={246--262},
	year={2016},
	organization={Springer}
}

@misc{thekumparampil2018attentionbased,
	title={Attention-based Graph Neural Network for Semi-supervised Learning},
	author={Kiran K. Thekumparampil and Chong Wang and Sewoong Oh and Li-Jia Li},
	year={2018},
	eprint={1803.03735},
	archivePrefix={arXiv},
	primaryClass={stat.ML}
}

@inproceedings{qu2019gmnn,
title={GMNN: Graph Markov Neural Networks},
author={Qu, Meng and Bengio, Yoshua and Tang, Jian},
booktitle={International Conference on Machine Learning (ICML)},
pages={5241--5250},
year={2019}
}

@inproceedings{YooJK19,
  author    = {Jaemin Yoo and Hyunsik Jeon and U Kang},
  title     = {Belief Propagation Network for Hard Inductive Semi-Supervised Learning},
  booktitle = {International Joint Conference on Artificial Intelligence (IJCAI)},
  year      = {2019},
}

@book{newman2018networks,
  title={Networks},
  author={Newman, Mark},
  year={2018},
  publisher={Oxford university press}
}

@inproceedings{kipf2016semi,
  title={Semi-Supervised Classification with Graph Convolutional Networks},
  author={Kipf, Thomas N. and Welling, Max},
  booktitle={International Conference on Learning Representations (ICLR)},
  year={2017}
}

@article{
  velickovic2018graph,
  title="{Graph Attention Networks}",
  author={Veli{\v{c}}kovi{\'{c}}, Petar and Cucurull, Guillem and Casanova, Arantxa and Romero, Adriana and Li{\`{o}}, Pietro and Bengio, Yoshua},
  journal={International Conference on Learning Representations (ICLR)},
  year={2018},
  url={https://openreview.net/forum?id=rJXMpikCZ}
}

@inproceedings{klicpera_diffusion_2019,
  title = {Diffusion Improves Graph Learning},
  author = {Klicpera, Johannes and Wei{\ss}enberger, Stefan and G{\"u}nnemann, Stephan},
  booktitle={Advances in Neural Information Processing Systems (NeurIPS)},
  year = {2019}
}

@inproceedings{hamilton2017inductive,
  title={Inductive representation learning on large graphs},
  author={Hamilton, Will and Ying, Zhitao and Leskovec, Jure},
  booktitle={Advances in neural information processing systems (NeurIPS)},
  pages={1024--1034},
  year={2017}
}

@incollection{gam,
title = {Graph Agreement Models for Semi-Supervised Learning},
author = {Stretcu, Otilia and Viswanathan, Krishnamurthy and Movshovitz-Attias, Dana and Platanios, Emmanouil and Ravi, Sujith and Tomkins, Andrew},
booktitle = {Advances in Neural Information Processing Systems (NeurIPS)},
pages = {8713--8723},
year = {2019},
}

@inproceedings{Pei2020Geom-GCN,
title={Geom-GCN: Geometric Graph Convolutional Networks},
author={Hongbin Pei and Bingzhe Wei and Kevin Chen-Chuan Chang and Yu Lei and Bo Yang},
booktitle={International Conference on Learning Representations (ICLR)},
year={2020},
url={https://openreview.net/forum?id=S1e2agrFvS}
}

  

@book{SunH12,
  author    = {Yizhou Sun and
               Jiawei Han},
  title     = {Mining Heterogeneous Information Networks: Principles and Methodologies},
  series    = {Synthesis Lectures on Data Mining and Knowledge Discovery},
  publisher = {Morgan {\&} Claypool Publishers},
  year      = {2012},
}

@inproceedings{hou2020measuring,
title={Measuring and Improving the Use of Graph Information in Graph Neural Networks},
author={Yifan Hou and Jian Zhang and James Cheng and Kaili Ma and Richard T. B. Ma and Hongzhi Chen and Ming-Chang Yang},
booktitle={International Conference on Learning Representations (ICLR)},
year={2020}
}

@article{eswaran2017zoobp,
  title={Zoobp: Belief propagation for heterogeneous networks},
  author={Eswaran, Dhivya and G{\"u}nnemann, Stephan and Faloutsos, Christos and Makhija, Disha and Kumar, Mohit},
  journal={Proceedings of the VLDB Endowment},
  volume={10},
  number={5},
  pages={625--636},
  year={2017},
  publisher={VLDB Endowment}
}

@ARTICLE{aimag-collective08,
  author = {Sen, Prithviraj and Namata, Galileo Mark and Bilgic, Mustafa and
	Getoor, Lise and Gallagher, Brian and Eliassi-Rad, Tina},
  title = {Collective Classification in Network Data},
  journal = {AI Magazine},
  year = {2008},
  volume = {29},
  pages = {93--106},
  number = {3},
  _url = {http://www.cs.iit.edu/~ml/pdfs/sen-aimag08.pdf}
}

@article{mcpherson2001birds,
  author = {McPherson, Miller and Smith-Lovin, Lynn and Cook, James M},
  journal = {Annual Review of Sociology},
  number = 1,
  pages = {415-444},
  title = {Birds of a Feather: Homophily in Social Networks},
  volume = 27,
  year = 2001
}

@article{dlgsurvey_tkde20, 
author={Z. {Zhang} and P. {Cui} and W. {Zhu}}, 
journal={IEEE Transactions on Knowledge and Data Engineering (TKDE)}, 
title={Deep Learning on Graphs: A Survey}, 
year={2020}
}

@article{mlgraphs_arxiv20,
  title={Machine Learning on Graphs: A Model and Comprehensive Taxonomy},
  author={Chami, Ines and Abu-El-Haija, Sami and Perozzi, Bryan and R{\'e}, Christopher and Murphy, Kevin},
  journal={arXiv preprint arXiv:2005.03675},
  year={2020}
}

@article{gcnreview_csn19, 
author={Si Zhang and Hanghang Tong and Jiejun Xu and Ross Maciejewski}, 
journal={Computational Social Networks}, 
title={Graph convolutional networks: a comprehensive review}, 
year={2019}
}

@inproceedings{QingGetoor03-ICA,
author = {Lu, Qing and Getoor, Lise},
title = {Link-Based Classification},
year = {2003},
publisher = {AAAI Press},
booktitle = {Proceedings of the Twentieth International Conference on International Conference on Machine Learning (ICML)},
pages = {496–503},
numpages = {8},
}

@Inproceedings{NevilleJ00-ICA,
	title = "Iterative classification in relational data",
	author = "J. Neville, D. Jensen",
	year = "2000",
	booktitle = "In Proc. AAAI",
	journal = "Workshop on Learning Statistical Models from Relational",
	pages = "13-20",
	publisher = "AAAI Press",
}

@article{karimi2017visibility17,
  title={Visibility of minorities in social networks},
  author={Karimi, Fariba and G{\'e}nois, Mathieu and Wagner, Claudia and Singer, Philipp and Strohmaier, Markus},
  journal={arXiv preprint arXiv:1702.00150},
  year={2017}
}

@article{hu2020ogb,
  title={Open Graph Benchmark: Datasets for Machine Learning on Graphs},
  author={Weihua Hu and Matthias Fey and Marinka Zitnik and Yuxiao Dong and Hongyu Ren and Bowen Liu and Michele Catasta and Jure Leskovec},
  journal={arXiv preprint arXiv:2005.00687},
  year={2020}
}

@article{sen2008collective,
  title={Collective classification in network data},
  author={Sen, Prithviraj and Namata, Galileo and Bilgic, Mustafa and Getoor, Lise and Galligher, Brian and Eliassi-Rad, Tina},
  journal={AI magazine},
  volume={29},
  number={3},
  pages={93--93},
  year={2008}
}

@inproceedings{yang2016revisiting,
  title={Revisiting semi-supervised learning with graph embeddings},
  author={Yang, Zhilin and Cohen, William and Salakhudinov, Ruslan},
  booktitle={International Conference on Machine Learning (ICML)},
  pages={40--48},
  year={2016},
  organization={PMLR}
}

@article{rozemberczki2019multiscale,
  title={Multi-scale attributed node embedding},
  author={Rozemberczki, Benedek and Allen, Carl and Sarkar, Rik},
  journal={arXiv preprint arXiv:1909.13021},
  year={2019}
}


@article{shchur2018pitfalls,
  title={Pitfalls of Graph Neural Network Evaluation},
  author={Shchur, Oleksandr and Mumme, Maximilian and Bojchevski, Aleksandar and G{\"u}nnemann, Stephan},
  journal={Relational Representation Learning Workshop, NeurIPS 2018},
  year={2018}
}

@inproceedings{
bojchevski2018deep,
title={Deep Gaussian Embedding of Graphs:  Unsupervised Inductive Learning via Ranking},
author={Aleksandar Bojchevski and Stephan Günnemann},
booktitle={International Conference on Learning Representations (ICLR)},
year={2018},
url={https://openreview.net/forum?id=r1ZdKJ-0W},
}

@inproceedings{namata2012query,
  title={Query-driven active surveying for collective classification},
  author={Namata, Galileo and London, Ben and Getoor, Lise and Huang, Bert and EDU, UMD},
  booktitle={10th International Workshop on Mining and Learning with Graphs},
  volume={8},
  year={2012}
}

@inproceedings{XuLTSKJ18-jkn,
  author    = {Keyulu Xu and
               Chengtao Li and
               Yonglong Tian and
               Tomohiro Sonobe and
               Ken{-}ichi Kawarabayashi and
               Stefanie Jegelka},
  title     = {Representation Learning on Graphs with Jumping Knowledge Networks},
  booktitle = {Proceedings of the 35th International Conference on Machine Learning,
               {ICML}},
  _series    = {Proceedings of Machine Learning Research},
  volume    = {80},
  pages     = {5449--5458},
  publisher = {{PMLR}},
  year      = {2018},
}

@article{Rossi2019FromCT,
  title={On Proximity and Structural Role-based Embeddings in Networks: Misconceptions, Techniques, and Applications},
  author={Ryan A. Rossi and Di Jin and Sungchul Kim and Nesreen Ahmed and Danai Koutra and John Boaz Lee},
  journal={ACM Transactions on Knowledge Discovery from Data (TKDD)},
  year={2020}
}

@inproceedings{defferrard2016convolutional,
  title={Convolutional neural networks on graphs with fast localized spectral filtering},
  author={Defferrard, Micha{\"e}l and Bresson, Xavier and Vandergheynst, Pierre},
  booktitle={Advances in Neural Information Processing Systems (NeurIPS)},
  pages={3844--3852},
  year={2016}
}

@article{lutzeyer2017comparing,
  title={Comparing Graph Spectra of Adjacency and Laplacian Matrices},
  author={Lutzeyer, JF and Walden, AT},
  journal={arXiv preprint arXiv:1712.03769},
  year={2017}
}

@inproceedings{zhou2004regularization,
  title={A regularization framework for learning from graph data},
  author={Zhou, Dengyong and Sch{\"o}lkopf, Bernhard},
  booktitle={ICML 2004 Workshop on Statistical Relational Learning and Its Connections to Other Fields (SRL 2004)},
  pages={132--137},
  year={2004}
}

@article{karimi2018homophily,
  title={Homophily influences ranking of minorities in social networks},
  author={Karimi, Fariba and G{\'e}nois, Mathieu and Wagner, Claudia and Singer, Philipp and Strohmaier, Markus},
  journal={Scientific reports},
  volume={8},
  number={1},
  pages={1--12},
  year={2018},
  publisher={Nature Publishing Group}
}

@ARTICLE{Shuman13-gsp,  
author={D. I. {Shuman} and S. K. {Narang} and P. {Frossard} and A. {Ortega} and P. {Vandergheynst}},  
journal={IEEE Signal Processing Magazine},   
title={The emerging field of signal processing on graphs: Extending high-dimensional data analysis to networks and other irregular domains},   
year={2013},  
volume={30},  
number={3},  
pages={83-98},}


@article{shuman2013emerging,
  title={The emerging field of signal processing on graphs: Extending high-dimensional data analysis to networks and other irregular domains},
  author={Shuman, David I and Narang, Sunil K and Frossard, Pascal and Ortega, Antonio and Vandergheynst, Pierre},
  journal={IEEE signal processing magazine},
  volume={30},
  number={3},
  pages={83--98},
  year={2013},
  publisher={IEEE}
}

@book{pariser2011filter,
  title={The filter bubble: How the new personalized web is changing what we read and how we think},
  author={Pariser, Eli},
  year={2011},
  publisher={Penguin}
}

@inproceedings{rahman2019fairwalk,
  title={Fairwalk: towards fair graph embedding},
  author={Rahman, Tahleen and Surma, Bartlomiej and Backes, Michael and Zhang, Yang},
  booktitle={IJCAI},
  year={2019},
}

@article{altenburger2018monophily,
  title={Monophily in social networks introduces similarity among friends-of-friends},
  author={Altenburger, Kristen M and Ugander, Johan},
  journal={Nature human behaviour},
  volume={2},
  number={4},
  pages={284--290},
  year={2018},
  publisher={Nature Publishing Group}
}

@inproceedings{chin2019decoupled,
  title={Decoupled smoothing on graphs},
  author={Chin, Alex and Chen, Yatong and M. Altenburger, Kristen and Ugander, Johan},
  booktitle={Proceedings of the 2019 World Wide Web Conference},
  pages={263--272},
  year={2019}
}

@article{london2014collective,
  title={Collective Classification of Network Data.},
  author={London, Ben and Getoor, Lise},
  journal={Data Classification: Algorithms and Applications},
  volume={399},
  year={2014}
}

@inproceedings{jia2020residual,
  title={Residual Correlation in Graph Neural Network Regression},
  author={Jia, Junteng and Benson, Austion R},
  booktitle={Proceedings of the 26th ACM SIGKDD International Conference on Knowledge Discovery \& Data Mining},
  pages={588--598},
  year={2020}
}

@inproceedings{peel2017graph,
  title={Graph-based semi-supervised learning for relational networks},
  author={Peel, Leto},
  booktitle={Proceedings of the 2017 SIAM International Conference on Data Mining},
  pages={435--443},
  year={2017},
  organization={SIAM}
}

@article{gatterbauer2014semi,
  title={Semi-supervised learning with heterophily},
  author={Gatterbauer, Wolfgang},
  journal={arXiv preprint arXiv:1412.3100},
  year={2014}
}


@inproceedings{tang2009social-fc,
  title={Social influence analysis in large-scale networks},
  author={Tang, Jie and Sun, Jimeng and Wang, Chi and Yang, Zi},
  booktitle={Proceedings of the 15th ACM SIGKDD international conference on Knowledge discovery and data mining},
  pages={807--816},
  year={2009}
}

@Article{	  yedidia2003understanding-fc,
  title		= {{Understanding Belief Propagation and its Generalizations}},
  author	= {Yedidia, J.S. and Freeman, W.T. and Weiss, Y.},
  journal	= {Exploring Artificial Intelligence in the New Millennium},
  volume	= {8},
  pages		= {236--239},
  year		= {2003}
}

@inproceedings{ma2021homophily,
title={Is Homophily a Necessity for Graph Neural Networks?},
author={Yao Ma and Xiaorui Liu and Neil Shah and Jiliang Tang},
booktitle={International Conference on Learning Representations},
year={2022},
url={https://openreview.net/forum?id=ucASPPD9GKN}
}

@article{zhu2020beyond,
  title={Beyond Homophily in Graph Neural Networks: Current Limitations and Effective Designs},
  author={Zhu, Jiong and Yan, Yujun and Zhao, Lingxiao and Heimann, Mark and Akoglu, Leman and Koutra, Danai},
  journal={Advances in Neural Information Processing Systems},
  volume={33},
  year={2020}
}

@inproceedings{bo2021beyond,
  title={Beyond Low-frequency Information in Graph Convolutional Networks},
  author={Bo, Deyu and Wang, Xiao and Shi, Chuan and Shen, Huawei},
  booktitle={Proceedings of the AAAI Conference on Artificial Intelligence},
  volume={35},
  number={5},
  pages={3950--3957},
  year={2021}
}

@inproceedings{kipf2017semi,
  title={Semi-Supervised Classification with Graph Convolutional Networks},
  author={Kipf, Thomas N. and Welling, Max},
  booktitle={International Conference on Learning Representations (ICLR)},
  year={2017}
}


@inproceedings{wu2019simplifying,
  title={Simplifying graph convolutional networks},
  author={Wu, Felix and Souza, Amauri and Zhang, Tianyi and Fifty, Christopher and Yu, Tao and Weinberger, Kilian},
  booktitle={International conference on machine learning},
  pages={6861--6871},
  year={2019},
  organization={PMLR}
}

@inproceedings{bojchevski2019adversarial,
  title={Adversarial attacks on node embeddings via graph poisoning},
  author={Bojchevski, Aleksandar and G{\"u}nnemann, Stephan},
  booktitle={International Conference on Machine Learning},
  pages={695--704},
  year={2019},
  organization={PMLR}
}

@inproceedings{chang2020restricted,
  title={A restricted black-box adversarial framework towards attacking graph embedding models},
  author={Chang, Heng and Rong, Yu and Xu, Tingyang and Huang, Wenbing and Zhang, Honglei and Cui, Peng and Zhu, Wenwu and Huang, Junzhou},
  booktitle={Proceedings of the AAAI Conference on Artificial Intelligence},
  volume={34},
  number={04},
  pages={3389--3396},
  year={2020}
}

@inproceedings{yan2019groupinn,
  title={GroupINN: Grouping-based interpretable neural network for classification of limited, noisy brain data},
  author={Yan, Yujun and Zhu, Jiong and Duda, Marlena and Solarz, Eric and Sripada, Chandra and Koutra, Danai},
  booktitle={Proceedings of the 25th ACM SIGKDD International Conference on Knowledge Discovery \& Data Mining},
  pages={772--782},
  year={2019}
}

@article{zhu2021improving,
  title={On the Relationship between Heterophily and Robustness of Graph Neural Networks},
  author={Zhu, Jiong and Jin, Junchen and Loveland, Donald and Schaub, Michael T and Koutra, Danai},
  journal={arXiv preprint arXiv:2106.07767},
  year={2021}
}

@inproceedings{zhu2022heterophily,
  title={How does Heterophily Impact the Robustness of Graph Neural Networks? Theoretical Connections and Practical Implications},
  author={Zhu, Jiong and Jin, Junchen and Loveland, Donald and Schaub, Michael T and Koutra, Danai},
  booktitle={Proceedings of the 28th ACM SIGKDD Conference on Knowledge Discovery and Data Mining (KDD ’22)},
  year={2022}
}

@inproceedings{loveland2022graph,
  title={On graph neural network fairness in the presence of heterophilous neighborhoods},
  author={Loveland, Donald and Zhu, Jiong and Heimann, Mark and Fish, Ben and Schaub, Michael T and Koutra, Danai},
  booktitle={the 8th International Workshop on Deep Learning on Graphs (DLG-KDD'22)},
  year={2022}
}

@inproceedings{platonov2023critical,
  title={A critical look at evaluation of GNNs under heterophily: Are we really making progress?},
  author={Platonov, Oleg and Kuznedelev, Denis and Diskin, Michael and Babenko, Artem and Prokhorenkova, Liudmila},
  booktitle={International Conference on Learning Representations},
  year={2023}
}

@inproceedings{shi2021masked,
  title={Masked Label Prediction: Unified Message Passing Model for Semi-Supervised Classification},
  author={Shi, Yunsheng and Huang, Zhengjie and Feng, Shikun and Zhong, Hui and Wang, Wenjing and Sun, Yu},
  booktitle={Proceedings of the Thirtieth International Joint Conference on Artificial Intelligence (IJCAI-21)},
  pages={1548--1554},
  year={2021},
  organization={International Joint Conferences on Artificial Intelligence Organization}
}

@inproceedings{chien2021adaptive,
  title={Adaptive Universal Generalized PageRank Graph Neural Network},
  author={Chien, Eli and Peng, Jianhao and Li, Pan and Milenkovic, Olgica},
  booktitle={International Conference on Learning Representations},
  year={2021}
}

@inproceedings{klicpera2019predict,
  title={Predict then propagate: Graph neural networks meet personalized pagerank},
  author={Klicpera, Johannes and Bojchevski, Aleksandar and Günnemann, Stephan},
  booktitle={International Conference on Learning Representations},
  year={2019}
}

@inproceedings{zhang2021beyond,
  title={Beyond Low-frequency Information in Graph Convolutional Networks},
  author={Zhang, Yifan and Chen, Yuxin and Du, Nan and Liu, Xianglong and Wang, Meng},
  booktitle={Proceedings of the AAAI Conference on Artificial Intelligence},
  volume={35},
  number={12},
  pages={10842--10850},
  year={2021}
}

@inproceedings{li2021jacobi,
  title={Jacobi Convolutional Neural Networks},
  author={Li, Yujie and Du, Lun and Zhang, Yifan and Liu, Xianglong and Wang, Meng},
  booktitle={International Conference on Machine Learning},
  pages={6219--6228},
  year={2021},
  organization={PMLR}
}

@inproceedings{zhang2021improving,
      title={Improving Graph Neural Networks with Simple Architecture Design}, 
      author={Yifan Zhang and Yuxin Chen and Nan Du and Xianglong Liu and Meng Wang},
      booktitle={arXiv preprint arXiv:2105.07634},
      year={2021}
}

@inproceedings{du2022gbk,
  title={GBK-GNN: Gated Bi-Kernel Graph Neural Networks for Modeling Both Homophily and Heterophily},
  author={Du, Lun and Li, Yujie and Zhang, Yifan and Liu, Xianglong and Wang, Meng},
  booktitle={Proceedings of The Web Conference 2022},
  pages={},
  year={2022}
}


@inproceedings{luan2022revisiting,
  title={Revisiting Heterophily For Graph Neural Networks},
  author={Luan, Sitao and Zhang, Yuchen and Wang, Ziqi and Li, Yujie and Zhang, Yifan and Zhang, Xinyu and Liu, Zhiyuan and Sun, Maosong},
  booktitle={Advances in Neural Information Processing Systems},
  year={2022}
}

@inproceedings{li2021dyadic,
  title={On dyadic fairness: Exploring and mitigating bias in graph connections},
  author={Li, Peizhao and Wang, Yifei and Zhao, Han and Hong, Pengyu and Liu, Hongfu},
  booktitle={International Conference on Learning Representations},
  year={2021}
}

@inproceedings{wang2022improving,
  title={Improving fairness in graph neural networks via mitigating sensitive attribute leakage},
  author={Wang, Yu and Zhao, Yuying and Dong, Yushun and Chen, Huiyuan and Li, Jundong and Derr, Tyler},
  booktitle={Proceedings of the 28th ACM SIGKDD Conference on Knowledge Discovery and Data Mining},
  pages={1938--1948},
  year={2022}
}

@inproceedings{yan2022two,
  title={Two sides of the same coin: Heterophily and oversmoothing in graph convolutional neural networks},
  author={Yan, Yujun and Hashemi, Milad and Swersky, Kevin and Yang, Yaoqing and Koutra, Danai},
  booktitle={2022 IEEE International Conference on Data Mining (ICDM)},
  pages={1287--1292},
  year={2022},
  organization={IEEE}
}

@article{luan2021heterophily,
  title={Is Heterophily A Real Nightmare For Graph Neural Networks To Do Node Classification?},
  author={Luan, Sitao and Hua, Chenqing and Lu, Qincheng and Zhu, Jiaqi and Zhao, Mingde and Zhang, Shuyuan and Chang, Xiao-Wen and Precup, Doina},
  journal={arXiv preprint arXiv:2109.05641},
  year={2021}
}

@inproceedings{zhu2021graph,
  title={Graph Neural Networks with Heterophily},
  author={Zhu, Jiong and Rossi, Ryan A and Rao, Anup and Mai, Tung and Lipka, Nedim and Ahmed, Nesreen K and Koutra, Danai},
  booktitle={Proceedings of the AAAI Conference on Artificial Intelligence},
  volume={35},
  number={12},
  pages={11168--11176},
  year={2021}
}

@inproceedings{lim2021large,
  title={Large Scale Learning on Non-Homophilous Graphs: New Benchmarks and Strong Simple Methods},
  author={Lim, Derek and Hohne, Felix and Li, Xiuyu and Huang, Sijia Linda and Gupta, Vaishnavi and Bhalerao, Omkar and Lim, Ser-Nam},
  booktitle={Advances in Neural Information Processing Systems},
  year={2021}
}

@article{li2018deeper,
  title={Deeper insights into graph convolutional networks for semi-supervised learning},
  author={Li, Qimai and Han, Zhichao and Wu, Xiaoming},
  journal={AAAI},
  year={2018}
}
@article{bodnar2022neural,
  title={Neural sheaf diffusion: A topological perspective on heterophily and oversmoothing in gnns},
  author={Bodnar, Cristian and Di Giovanni, Francesco and Chamberlain, Benjamin and Lio, Pietro and Bronstein, Michael},
  journal={Advances in Neural Information Processing Systems},
  volume={35},
  pages={18527--18541},
  year={2022}
}

@inproceedings{chen2020simple,
  title={Simple and deep graph convolutional networks},
  author={Chen, Ming and Wei, Zhewei and Huang, Zengfeng and Ding, Bolin and Li, Yaliang},
  booktitle={ICML},
  year={2020}
}

@article{ye2022incorporating,
  title={Incorporating Heterophily into Graph Neural Networks for Graph Classification},
  author={Ye, Wei and Yang, Jiayi and Medya, Sourav and Singh, Ambuj},
  journal={arXiv preprint arXiv:2203.07678},
  year={2022}
}

@article{zhou2022link,
  title={Link Prediction on Heterophilic Graphs via Disentangled Representation Learning},
  author={Zhou, Shijie and Guo, Zhimeng and Aggarwal, Charu and Zhang, Xiang and Wang, Suhang},
  journal={arXiv preprint arXiv:2208.01820},
  year={2022}
}

@inproceedings{yang2022graph,
  title={Graph Pointer Neural Networks},
  author={Yang, Zhiqing and Wang, Yiqi and Yang, Carl and Tian, Yuandong},
  booktitle={Proceedings of the AAAI Conference on Artificial Intelligence},
  volume={36},
  number={1},
  pages={8832--8839},
  year={2022}
}

@article{liu2021non,
  title={Non-local graph neural networks},
  author={Liu, Meng and Wang, Zhengyang and Ji, Shuiwang},
  journal={IEEE transactions on pattern analysis and machine intelligence},
  volume={44},
  number={12},
  pages={10270--10276},
  year={2021},
  publisher={IEEE}
}

@article{jin2021universal,
  title={Universal graph convolutional networks},
  author={Jin, Di and Yu, Zhizhi and Huo, Cuiying and Wang, Rui and Wang, Xiao and He, Dongxiao and Han, Jiawei},
  journal={Advances in Neural Information Processing Systems},
  volume={34},
  pages={10654--10664},
  year={2021}
}

@inproceedings{jin2021node,
  title={Node similarity preserving graph convolutional networks},
  author={Jin, Wei and Derr, Tyler and Wang, Yiqi and Ma, Yao and Liu, Zitao and Tang, Jiliang},
  booktitle={Proceedings of the 14th ACM international conference on web search and data mining},
  pages={148--156},
  year={2021}
}

@inproceedings{wang2022powerful,
  title={Powerful graph convolutional networks with adaptive propagation mechanism for homophily and heterophily},
  author={Wang, Tao and Jin, Di and Wang, Rui and He, Dongxiao and Huang, Yuxiao},
  booktitle={Proceedings of the AAAI Conference on Artificial Intelligence},
  volume={36},
  number={4},
  pages={4210--4218},
  year={2022}
}

@inproceedings{suresh2021breaking,
  title={Breaking the Limit of Graph Neural Networks by Improving the Assortativity of Graphs with Local Mixing Patterns},
  author={Suresh, Susheel and Budde, Vinith and Neville, Jennifer and Li, Pan and Ma, Jianzhu},
  booktitle={Proceedings of the 27th ACM SIGKDD Conference on Knowledge Discovery \& Data Mining},
  pages={1541--1551},
  year={2021}
}

@inproceedings{wang2023acmp,
title={{ACMP}: Allen-Cahn Message Passing with Attractive and Repulsive Forces for Graph Neural Networks},
author={Yuelin Wang and Kai Yi and Xinliang Liu and Yu Guang Wang and Shi Jin},
booktitle={The Eleventh International Conference on Learning Representations },
year={2023},
url={https://openreview.net/forum?id=4fZc_79Lrqs}
}

@article{zheng2022graph,
  title={Graph neural networks for graphs with heterophily: A survey},
  author={Zheng, Xin and Liu, Yixin and Pan, Shirui and Zhang, Miao and Jin, Di and Yu, Philip S},
  journal={arXiv preprint arXiv:2202.07082},
  year={2022}
}

@inproceedings{zugner2018adversarial,
  title={Adversarial attacks on neural networks for graph data},
  author={Z{\"u}gner, Daniel and Akbarnejad, Amir and G{\"u}nnemann, Stephan},
  booktitle={KDD},
  year={2018}
}

@inproceedings{dai2018adversarial,
  title={Adversarial attack on graph structured data},
  author={Dai, Hanjun and Li, Hui and Tian, Tian and Huang, Xin and Wang, Lin and Zhu, Jun and Song, Le},
  booktitle={ICML},
  year={2018}
}

@inproceedings{xu2019topology,
  title={Topology attack and defense for graph neural networks: an optimization perspective},
  author={Xu, Kaidi and Chen, Hongge and Liu, Sijia and Chen, Pin-Yu and Weng, Tsui-Wei and Hong, Mingyi and Lin, Xue},
  booktitle={IJCAI},
  year={2019}
}

@inproceedings{wu2019adversarial,
  title     = {Adversarial Examples for Graph Data: Deep Insights into Attack and Defense},
  author    = {Wu, Huijun and Wang, Chen and Tyshetskiy, Yuriy and Docherty, Andrew and Lu, Kai and Zhu, Liming},
  booktitle = {IJCAI},      
  year      = {2019},
  doi       = {10.24963/ijcai.2019/669},
}

@inproceedings{li2020adversarial,
  title={Adversarial attack on community detection by hiding individuals},
  author={Li, Jia and Zhang, Honglei and Han, Zhichao and Rong, Yu and Cheng, Hong and Huang, Junzhou},
  booktitle={WebConf},
  year={2020}
}

@inproceedings{ma2020towards,
  title={Towards More Practical Adversarial Attacks on Graph Neural Networks},
  author={Ma, Jiaqi and Ding, Shuangrui and Mei, Qiaozhu},
  booktitle={NeurIPS},
  year={2020}
}

@article{jin2020adversarial,
  author     = {Jin, Wei and Li, Yaxing and Xu, Han and Wang, Yiqi and Ji, Shuiwang and Aggarwal, Charu and Tang, Jiliang},
  title      = {Adversarial Attacks and Defenses on Graphs: A Review, A Tool and Empirical Studies},
  year       = {2021},
  issue_date = {December 2020},
  publisher  = {Association for Computing Machinery},
  address    = {New York, NY, USA},
  volume     = {22},
  number     = {2},
  issn       = {1931-0145},
  abstract   = {Deep neural networks (DNNs) have achieved significant performance in various tasks. However, recent studies have shown that DNNs can be easily fooled by small perturbation on the input, called adversarial attacks.},
  journal    = {SIGKDD Explor. Newsl.},
  month      = {Jan},
  pages      = {19-34},
  numpages   = {16}
}

@inproceedings{zhou2023greto,
title={{GR}eTo: Remedying dynamic graph topology-task discordance via target homophily},
author={Zhengyang Zhou and qihe huang and Gengyu Lin and Kuo Yang and LEI BAI and Yang Wang},
booktitle={The Eleventh International Conference on Learning Representations },
year={2023},
url={https://openreview.net/forum?id=8duT3mi_5n}
}

@inproceedings{zhu2023resisting,
  title={Resisting Graph Adversarial Attack via Cooperative Homophilous Augmentation},
  author={Zhu, Zhihao and Wu, Chenwang and Zhou, Min and Liao, Hao and Lian, Defu and Chen, Enhong},
  booktitle={Machine Learning and Knowledge Discovery in Databases: European Conference, ECML PKDD 2022, Grenoble, France, September 19--23, 2022, Proceedings, Part III},
  pages={251--268},
  year={2023},
  organization={Springer}
}

@inproceedings{song2023ordered,
title={Ordered {GNN}: Ordering Message Passing to Deal with Heterophily and Over-smoothing},
author={Yunchong Song and Chenghu Zhou and Xinbing Wang and Zhouhan Lin},
booktitle={The Eleventh International Conference on Learning Representations },
year={2023},
url={https://openreview.net/forum?id=wKPmPBHSnT6}
}

@inproceedings{wang2021tree,
  title={Tree decomposed graph neural network},
  author={Wang, Yu and Derr, Tyler},
  booktitle={Proceedings of the 30th ACM International Conference on Information \& Knowledge Management},
  pages={2040--2049},
  year={2021}
}

@article{wu2020comprehensive,
  title={A comprehensive survey on graph neural networks},
  author={Wu, Zonghan and Pan, Shirui and Chen, Fengwen and Long, Guodong and Zhang, Chengqi and Philip, S Yu},
  journal={IEEE transactions on neural networks and learning systems},
  volume={32},
  number={1},
  pages={4--24},
  year={2020},
  publisher={IEEE}
}

@inproceedings{schlichtkrull2018modeling,
  title={Modeling relational data with graph convolutional networks},
  author={Schlichtkrull, Michael and Kipf, Thomas N and Bloem, Peter and Van Den Berg, Rianne and Titov, Ivan and Welling, Max},
  booktitle={The Semantic Web: 15th International Conference, ESWC 2018, Heraklion, Crete, Greece, June 3--7, 2018, Proceedings 15},
  pages={593--607},
  year={2018},
  organization={Springer}
}

@inproceedings{guo2023homophily,
  title={Homophily-oriented Heterogeneous Graph Rewiring},
  author={Guo, Jiayan and Du, Lun and Bi, Wendong and Fu, Qiang and Ma, Xiaojun and Chen, Xu and Han, Shi and Zhang, Dongmei and Zhang, Yan},
  booktitle={Proceedings of the ACM Web Conference 2023},
  pages={511--522},
  year={2023}
}

@article{zhu2023simplifying,
  title={Simplifying Distributed Neural Network Training on Massive Graphs: Randomized Partitions Improve Model Aggregation},
  author={Zhu, Jiong and Reganti, Aishwarya and Huang, Edward and Dickens, Charles and Rao, Nikhil and Subbian, Karthik and Koutra, Danai},
  journal={arXiv preprint arXiv:2305.09887},
  year={2023}
}

@article{spinelli2021fairdrop,
  title={Fairdrop: Biased edge dropout for enhancing fairness in graph representation learning},
  author={Spinelli, Indro and Scardapane, Simone and Hussain, Amir and Uncini, Aurelio},
  journal={IEEE Transactions on Artificial Intelligence},
  volume={3},
  number={3},
  pages={344--354},
  year={2021},
  publisher={IEEE}
}